<html class="js no-touch svg inlinesvg svgclippaths no-ie8compat wf-roboto-n4-active wf-roboto-n7-active wf-lato-n4-active wf-lato-n7-active wf-active" style=""><!--<![endif]--><head>

  <!-- Blockshop Theme Version 2.2.1 by Troop Themes - http://troopthemes.com/ -->

  <meta charset="UTF-8">
  <meta http-equiv="X-UA-Compatible" content="IE=edge,chrome=1">
  <meta name="viewport" content="width=device-width, initial-scale=1.0">
  
  
    <link rel="shortcut icon" type="image/png" href="//cdn.shopify.com/s/files/1/0206/9470/t/232/assets/favicon.png?v=16088485513228912900">
  
  
  
    <title>Buy Beef online | Harris Farm Markets | Harris Farm Markets</title>
  
  
  
  <meta name="description" content="Buy Beef online with Harris Farm. Experience quality of great beef direct to your door!">
  
  
  <script async="" src="https://www.google-analytics.com/analytics.js"></script><script async="" src="https://connect.facebook.net/en_US/fbevents.js"></script><script type="text/javascript" async="" src="https://script.crazyegg.com/pages/scripts/0102/1498.js?shop=harris-farm-direct.myshopify.com"></script><script type="text/javascript" async="" src="https://d3g420rgevyqxw.cloudfront.net/cffPCLoader_min.js?shop=harris-farm-direct.myshopify.com"></script><script type="text/javascript" async="" src="https://easy-redirects.s3-eu-west-1.amazonaws.com/redirect-app.js?shop=harris-farm-direct.myshopify.com"></script><script type="text/javascript" async="" src="https://localdelivery.herokuapp.com/assets/localdelivery-1.03.js?shop=harris-farm-direct.myshopify.com"></script><script src="https://apis.google.com/_/scs/apps-static/_/js/k=oz.gapi.en_US.bSaSBnJo3mU.O/m=ratingbadge/rt=j/sv=1/d=1/ed=1/am=AQ/rs=AGLTcCOlScUDCc6laSimwcYo4nXUQAS-sQ/cb=gapi.loaded_0" async=""></script><script src="//bat.bing.com/bat.js" async=""></script><script async="" src="https://www.googletagmanager.com/gtm.js?id=GTM-TS6L2V"></script><script type="text/javascript" src="https://static.ap3prod.com/app.js"></script><script src="https://api.autopilothq.com/anywhere/aa/0a4886e3994344988f44e0feceb803c44fbac0c2480d4273be70183be9fccc70?t=Buy%20Beef%20online%20%7C%20Harris%20Farm%20Markets%20%7C%20Harris%20Farm%20Markets&amp;u=https%3A%2F%2Fwww.harrisfarm.com.au%2Fcollections%2Fbeef%3Fpage%3D1&amp;r=" type="text/javascript"></script><script src="https://api.autopilothq.com/anywhere/0a4886e3994344988f44e0feceb803c44fbac0c2480d4273be70183be9fccc70?t=Buy%20Beef%20online%20%7C%20Harris%20Farm%20Markets%20%7C%20Harris%20Farm%20Markets&amp;u=https%3A%2F%2Fwww.harrisfarm.com.au%2Fcollections%2Fbeef%3Fpage%3D1&amp;r=" type="text/javascript" async=""></script><script async="" src="//connect.facebook.net/en_US/fp.js"></script><script type="text/javascript" async="" src="https://cdn.shopify.com/s/trekkie.storefront.9308d80bdc62da15072a792f4c93dd268bf1a747.min.js"></script><script type="application/ld+json">
{
  "@context" : "http://schema.org",
  "@type" : "Organization",
  "name" : "Harris Farm Markets",
  "url" : "http://www.harrisfarm.com.au",
  "logo" : "https://cdn.shopify.com/s/files/1/0206/9470/t/70/assets/logo.png",
  "contactPoint" : [
   { "@type" : "ContactPoint",
        "telephone" : "+61-02-93943111",
        "contactType" : "Customer Service"
    } ],
  "sameAs" : [
    "http://www.facebook.com/harrisfarmmarkets",
    "http://www.instagram.com/harrisfarmmarkets",
    "http://www.pinterest.com/harrisfarm1971"
  ]
}
</script>

  
    <link rel="canonical" href="https://www.harrisfarm.com.au/collections/beef">
  
  
  

  <meta property="og:type" content="website">
  <meta property="og:title" content="Buy Beef online | Harris Farm Markets">
  


  <meta property="og:description" content="Buy Beef online with Harris Farm. Experience quality of great beef direct to your door!">

  <meta property="og:url" content="https://www.harrisfarm.com.au/collections/beef">
  <meta property="og:site_name" content="Harris Farm Markets">





<meta name="twitter:card" content="summary">

  
  




























<script>
  WebFontConfig = {
    
    
    google: { families: ['Lato:400,700', 'Roboto:400,700', 'Roboto:400,700', 'Roboto:400,700', 'Roboto:400,700', ] }
    
  };
</script>

<script async="" src="//cdn.shopify.com/s/files/1/0206/9470/t/232/assets/webfont.js?v=13257611624931821646"></script> 



  <script>window.performance && window.performance.mark && window.performance.mark('shopify.content_for_header.start');</script><meta name="google-site-verification" content="yqaB7Ce-gcVuILfai2tj_m6N7nrDNlgLShPfYIspZus">
<meta id="shopify-digital-wallet" name="shopify-digital-wallet" content="/2069470/digital_wallets/dialog">
<meta name="shopify-checkout-api-token" content="714d429c29d912bb73a3c22b17eacd58">
<meta id="in-context-paypal-metadata" data-shop-id="2069470" data-venmo-supported="false" data-environment="production" data-locale="en_US" data-paypal-v4="true" data-currency="AUD">
<link rel="alternate" type="application/atom+xml" title="Feed" href="/collections/beef.atom">
<link rel="next" href="/collections/beef?page=2">
<link rel="alternate" type="application/json+oembed" href="https://www.harrisfarm.com.au/collections/beef.oembed">
<link href="https://monorail-edge.shopifysvc.com" rel="dns-prefetch">
<script id="apple-pay-shop-capabilities" type="application/json">{"shopId":2069470,"countryCode":"AU","currencyCode":"AUD","merchantCapabilities":["supports3DS"],"merchantId":"gid:\/\/shopify\/Shop\/2069470","merchantName":"Harris Farm Markets","requiredBillingContactFields":["postalAddress","email","phone"],"requiredShippingContactFields":["postalAddress","email","phone"],"shippingType":"shipping","supportedNetworks":["visa","masterCard","amex"],"total":{"type":"pending","label":"Harris Farm Markets","amount":"1.00"}}</script>
<script id="shopify-features" type="application/json">{"accessToken":"714d429c29d912bb73a3c22b17eacd58","betas":["rich-media-storefront-analytics"],"domain":"www.harrisfarm.com.au","predictiveSearch":true,"shopId":2069470,"smart_payment_buttons_url":"https:\/\/cdn.shopify.com\/shopifycloud\/payment-sheet\/assets\/latest\/spb.en.js","dynamic_checkout_cart_url":"https:\/\/cdn.shopify.com\/shopifycloud\/payment-sheet\/assets\/latest\/dynamic-checkout-cart.en.js","locale":"en"}</script>
<script>(function(){if ("sendBeacon" in navigator && "performance" in window) {var session_token = document.cookie.match(/_shopify_s=([^;]*)/);function handle_abandonment_event(e) {var entries = performance.getEntries().filter(function(entry) {return /monorail-edge.shopifysvc.com/.test(entry.name);});if (!window.abandonment_tracked && entries.length === 0) {window.abandonment_tracked = true;var currentMs = Date.now();var navigation_start = performance.timing.navigationStart;var payload = {shop_id: 2069470,url: window.location.href,navigation_start,duration: currentMs - navigation_start,session_token: session_token && session_token.length === 2 ? session_token[1] : "",page_type: "collection"};window.navigator.sendBeacon("https://monorail-edge.shopifysvc.com/v1/produce", JSON.stringify({schema_id: "online_store_buyer_site_abandonment/1.1",payload: payload,metadata: {event_created_at_ms: currentMs,event_sent_at_ms: currentMs}}));}}window.addEventListener('pagehide', handle_abandonment_event);}}());</script>
<script>var Shopify = Shopify || {};
Shopify.shop = "harris-farm-direct.myshopify.com";
Shopify.locale = "en";
Shopify.currency = {"active":"AUD","rate":"1.0"};
Shopify.country = "AU";
Shopify.theme = {"name":"Master","id":44575981627,"theme_store_id":null,"role":"main"};
Shopify.theme.handle = "null";
Shopify.theme.style = {"id":null,"handle":null};
Shopify.cdnHost = "cdn.shopify.com";</script>
<script type="module">!function(o){(o.Shopify=o.Shopify||{}).modules=!0}(window);</script>
<script>!function(o){function n(){var o=[];function n(){o.push(Array.prototype.slice.apply(arguments))}return n.q=o,n}var t=o.Shopify=o.Shopify||{};t.loadFeatures=n(),t.autoloadFeatures=n()}(window);</script>
<script>(function() {
  function asyncLoad() {
    var urls = ["https:\/\/localdelivery.herokuapp.com\/assets\/localdelivery-1.03.js?shop=harris-farm-direct.myshopify.com","https:\/\/easy-redirects.s3-eu-west-1.amazonaws.com\/redirect-app.js?shop=harris-farm-direct.myshopify.com","https:\/\/d3g420rgevyqxw.cloudfront.net\/cffPCLoader_min.js?shop=harris-farm-direct.myshopify.com","https:\/\/script.crazyegg.com\/pages\/scripts\/0102\/1498.js?shop=harris-farm-direct.myshopify.com"];
    for (var i = 0; i < urls.length; i++) {
      var s = document.createElement('script');
      s.type = 'text/javascript';
      s.async = true;
      s.src = urls[i];
      var x = document.getElementsByTagName('script')[0];
      x.parentNode.insertBefore(s, x);
    }
  };
  if(window.attachEvent) {
    window.attachEvent('onload', asyncLoad);
  } else {
    window.addEventListener('load', asyncLoad, false);
  }
})();</script>
<script id="__st">var __st={"a":2069470,"offset":36000,"reqid":"4be18a9d-c8af-4a04-aff1-fd902c4b63cf","pageurl":"www.harrisfarm.com.au\/collections\/beef?page=1","u":"59ce01494d2d","p":"collection","rtyp":"collection","rid":23522233};</script>
<script>window.ShopifyPaypalV4VisibilityTracking = true;</script>
<script>window.ShopifyAnalytics = window.ShopifyAnalytics || {};
window.ShopifyAnalytics.meta = window.ShopifyAnalytics.meta || {};
window.ShopifyAnalytics.meta.currency = 'AUD';
var meta = {"page":{"pageType":"collection","resourceType":"collection","resourceId":23522233},"page_view_event_id":"f1ac53bef1334e43640df3ce0f670c917ce212efd1b8b82ba46d3cee3b090520","cart_event_id":"5997d0a17591085a021552062308241cde45c6dd9bc505f52bb520af3d5720d7"};
for (var attr in meta) {
  window.ShopifyAnalytics.meta[attr] = meta[attr];
}</script>
<script>window.ShopifyAnalytics.merchantGoogleAnalytics = function() {
  var ShopifyCheckoutstep = Shopify.Checkout.step;
switch (ShopifyCheckoutstep) {
  case 'contact_information':
    ga('require', 'ec');
    ga('ec:setAction', 'checkout', {
      'step': 1,
      'option': 'contact_information'
    });
    ga('send', 'event', 'checkout', 'contact information', { nonInteraction: true });
      break; 
  case 'shipping_method':
    ga('require', 'ec');
    ga('ec:setAction', 'checkout', {
      'step': 2,
      'option': 'shipping_method'
    });
    ga('send', 'event', 'checkout', 'shipping method', { nonInteraction: true });
      break; 
  case 'payment_method':
    ga('require', 'ec');
    ga('ec:setAction', 'checkout', {
      'step': 3,
      'option': 'payment_method'
    });
    ga('send', 'event', 'checkout', 'payment', { nonInteraction: true });
};
};
</script>
<script class="analytics">(window.gaDevIds=window.gaDevIds||[]).push('BwiEti');


(function () {
  var customDocumentWrite = function(content) {
    var jquery = null;

    if (window.jQuery) {
      jquery = window.jQuery;
    } else if (window.Checkout && window.Checkout.$) {
      jquery = window.Checkout.$;
    }

    if (jquery) {
      jquery('body').append(content);
    }
  };

  var hasLoggedConversion = function(token) {
    if (token) {
      return document.cookie.indexOf('loggedConversion=' + token) !== -1;
    }
    return false;
  }

  var setCookieIfConversion = function(token) {
    if (token) {
      var twoMonthsFromNow = new Date(Date.now());
      twoMonthsFromNow.setMonth(twoMonthsFromNow.getMonth() + 2);

      document.cookie = 'loggedConversion=' + token + '; expires=' + twoMonthsFromNow;
    }
  }

  var trekkie = window.ShopifyAnalytics.lib = window.trekkie = window.trekkie || [];
  if (trekkie.integrations) {
    return;
  }
  trekkie.methods = [
    'identify',
    'page',
    'ready',
    'track',
    'trackForm',
    'trackLink'
  ];
  trekkie.factory = function(method) {
    return function() {
      var args = Array.prototype.slice.call(arguments);
      args.unshift(method);
      trekkie.push(args);
      return trekkie;
    };
  };
  for (var i = 0; i < trekkie.methods.length; i++) {
    var key = trekkie.methods[i];
    trekkie[key] = trekkie.factory(key);
  }
  trekkie.load = function(config) {
    trekkie.config = config;
    var first = document.getElementsByTagName('script')[0];
    var script = document.createElement('script');
    script.type = 'text/javascript';
    script.onerror = function(e) {
      var scriptFallback = document.createElement('script');
      scriptFallback.type = 'text/javascript';
      scriptFallback.onerror = function(error) {
              var Monorail = {
      produce: function produce(monorailDomain, schemaId, payload) {
        var currentMs = new Date().getTime();
        var event = {
          schema_id: schemaId,
          payload: payload,
          metadata: {
            event_created_at_ms: currentMs,
            event_sent_at_ms: currentMs
          }
        };
        return Monorail.sendRequest("https://" + monorailDomain + "/v1/produce", JSON.stringify(event));
      },
      sendRequest: function sendRequest(endpointUrl, payload) {
        // Try the sendBeacon API
        if (window && window.navigator && typeof window.navigator.sendBeacon === 'function' && typeof window.Blob === 'function' && !Monorail.isIos12()) {
          var blobData = new window.Blob([payload], {
            type: 'text/plain'
          });
    
          if (window.navigator.sendBeacon(endpointUrl, blobData)) {
            return true;
          } // sendBeacon was not successful
    
        } // XHR beacon   
    
        var xhr = new XMLHttpRequest();
    
        try {
          xhr.open('POST', endpointUrl);
          xhr.setRequestHeader('Content-Type', 'text/plain');
          xhr.send(payload);
        } catch (e) {
          console.log(e);
        }
    
        return false;
      },
      isIos12: function isIos12() {
        return window.navigator.userAgent.lastIndexOf('iPhone; CPU iPhone OS 12_') !== -1 || window.navigator.userAgent.lastIndexOf('iPad; CPU OS 12_') !== -1;
      }
    };
    Monorail.produce('monorail-edge.shopifysvc.com',
      'trekkie_storefront_load_errors/1.1',
      {shop_id: 2069470,
      theme_id: 44575981627,
      app_name: "storefront",
      context_url: window.location.href,
      source_url: "https://cdn.shopify.com/s/trekkie.storefront.9308d80bdc62da15072a792f4c93dd268bf1a747.min.js"});

      };
      scriptFallback.async = true;
      scriptFallback.src = 'https://cdn.shopify.com/s/trekkie.storefront.9308d80bdc62da15072a792f4c93dd268bf1a747.min.js';
      first.parentNode.insertBefore(scriptFallback, first);
    };
    script.async = true;
    script.src = 'https://cdn.shopify.com/s/trekkie.storefront.9308d80bdc62da15072a792f4c93dd268bf1a747.min.js';
    first.parentNode.insertBefore(script, first);
  };
  trekkie.load(
    {"Trekkie":{"appName":"storefront","development":false,"defaultAttributes":{"shopId":2069470,"isMerchantRequest":null,"themeId":44575981627,"themeCityHash":"14004804819043434964","contentLanguage":"en","currency":"AUD"},"isServerSideCookieWritingEnabled":true,"isPixelGateEnabled":true},"Performance":{"navigationTimingApiMeasurementsEnabled":true,"navigationTimingApiMeasurementsSampleRate":1},"Google Analytics":{"trackingId":"UA-41790844-1","domain":"auto","siteSpeedSampleRate":"10","enhancedEcommerce":true,"doubleClick":true,"includeSearch":true},"Facebook Pixel":{"pixelIds":["249211656518848"],"agent":"plshopify1.2","conversionsAPIEnabled":true},"Google Gtag Pixel":{"conversionId":"AW-984912244","eventLabels":[{"type":"page_view","action_label":"AW-984912244\/tCJECNS4jugBEPSi0tUD"},{"type":"purchase","action_label":"AW-984912244\/J-XGCNe4jugBEPSi0tUD"},{"type":"view_item","action_label":"AW-984912244\/W9CZCNq4jugBEPSi0tUD"},{"type":"add_to_cart","action_label":"AW-984912244\/Xm3MCN24jugBEPSi0tUD"},{"type":"begin_checkout","action_label":"AW-984912244\/9x3VCOC4jugBEPSi0tUD"},{"type":"search","action_label":"AW-984912244\/xhodCOO4jugBEPSi0tUD"},{"type":"add_payment_info","action_label":"AW-984912244\/oiSKCOa4jugBEPSi0tUD"}],"targetCountry":"AU"},"Session Attribution":{}}
  );

  var loaded = false;
  trekkie.ready(function() {
    if (loaded) return;
    loaded = true;

    window.ShopifyAnalytics.lib = window.trekkie;
    
      ga('require', 'linker');
      function addListener(element, type, callback) {
        if (element.addEventListener) {
          element.addEventListener(type, callback);
        }
        else if (element.attachEvent) {
          element.attachEvent('on' + type, callback);
        }
      }
      function decorate(event) {
        event = event || window.event;
        var target = event.target || event.srcElement;
        if (target && (target.getAttribute('action') || target.getAttribute('href'))) {
          ga(function (tracker) {
            var linkerParam = tracker.get('linkerParam');
            document.cookie = '_shopify_ga=' + linkerParam + '; ' + 'path=/';
          });
        }
      }
      addListener(window, 'load', function(){
        for (var i=0; i < document.forms.length; i++) {
          var action = document.forms[i].getAttribute('action');
          if(action && action.indexOf('/cart') >= 0) {
            addListener(document.forms[i], 'submit', decorate);
          }
        }
        for (var i=0; i < document.links.length; i++) {
          var href = document.links[i].getAttribute('href');
          if(href && href.indexOf('/checkout') >= 0) {
            addListener(document.links[i], 'click', decorate);
          }
        }
      });
    

    var originalDocumentWrite = document.write;
    document.write = customDocumentWrite;
    try { window.ShopifyAnalytics.merchantGoogleAnalytics.call(this); } catch(error) {};
    document.write = originalDocumentWrite;
      (function () {
        if (window.BOOMR && (window.BOOMR.version || window.BOOMR.snippetExecuted)) {
          return;
        }
        window.BOOMR = window.BOOMR || {};
        window.BOOMR.snippetStart = new Date().getTime();
        window.BOOMR.snippetExecuted = true;
        window.BOOMR.snippetVersion = 12;
        window.BOOMR.application = "storefront-renderer";
        window.BOOMR.themeName = "";
        window.BOOMR.themeVersion = "";
        window.BOOMR.shopId = 2069470;
        window.BOOMR.themeId = 44575981627;
        window.BOOMR.url =
          "https://cdn.shopify.com/shopifycloud/boomerang/shopify-boomerang-1.0.0.min.js";
        var where = document.currentScript || document.getElementsByTagName("script")[0];
        var parentNode = where.parentNode;
        var promoted = false;
        var LOADER_TIMEOUT = 3000;
        function promote() {
          if (promoted) {
            return;
          }
          var script = document.createElement("script");
          script.id = "boomr-scr-as";
          script.src = window.BOOMR.url;
          script.async = true;
          parentNode.appendChild(script);
          promoted = true;
        }
        function iframeLoader(wasFallback) {
          promoted = true;
          var dom, bootstrap, iframe, iframeStyle;
          var doc = document;
          var win = window;
          window.BOOMR.snippetMethod = wasFallback ? "if" : "i";
          bootstrap = function(parent, scriptId) {
            var script = doc.createElement("script");
            script.id = scriptId || "boomr-if-as";
            script.src = window.BOOMR.url;
            BOOMR_lstart = new Date().getTime();
            parent = parent || doc.body;
            parent.appendChild(script);
          };
          if (!window.addEventListener && window.attachEvent && navigator.userAgent.match(/MSIE [67]./)) {
            window.BOOMR.snippetMethod = "s";
            bootstrap(parentNode, "boomr-async");
            return;
          }
          iframe = document.createElement("IFRAME");
          iframe.src = "about:blank";
          iframe.title = "";
          iframe.role = "presentation";
          iframe.loading = "eager";
          iframeStyle = (iframe.frameElement || iframe).style;
          iframeStyle.width = 0;
          iframeStyle.height = 0;
          iframeStyle.border = 0;
          iframeStyle.display = "none";
          parentNode.appendChild(iframe);
          try {
            win = iframe.contentWindow;
            doc = win.document.open();
          } catch (e) {
            dom = document.domain;
            iframe.src = "javascript:var d=document.open();d.domain='" + dom + "';void(0);";
            win = iframe.contentWindow;
            doc = win.document.open();
          }
          if (dom) {
            doc._boomrl = function() {
              this.domain = dom;
              bootstrap();
            };
            doc.write("<body onload='document._boomrl();'>");
          } else {
            win._boomrl = function() {
              bootstrap();
            };
            if (win.addEventListener) {
              win.addEventListener("load", win._boomrl, false);
            } else if (win.attachEvent) {
              win.attachEvent("onload", win._boomrl);
            }
          }
          doc.close();
        }
        var link = document.createElement("link");
        if (link.relList &&
          typeof link.relList.supports === "function" &&
          link.relList.supports("preload") &&
          ("as" in link)) {
          window.BOOMR.snippetMethod = "p";
          link.href = window.BOOMR.url;
          link.rel = "preload";
          link.as = "script";
          link.addEventListener("load", promote);
          link.addEventListener("error", function() {
            iframeLoader(true);
          });
          setTimeout(function() {
            if (!promoted) {
              iframeLoader(true);
            }
          }, LOADER_TIMEOUT);
          BOOMR_lstart = new Date().getTime();
          parentNode.appendChild(link);
        } else {
          iframeLoader(false);
        }
        function boomerangSaveLoadTime(e) {
          window.BOOMR_onload = (e && e.timeStamp) || new Date().getTime();
        }
        if (window.addEventListener) {
          window.addEventListener("load", boomerangSaveLoadTime, false);
        } else if (window.attachEvent) {
          window.attachEvent("onload", boomerangSaveLoadTime);
        }
        if (document.addEventListener) {
          document.addEventListener("onBoomerangLoaded", function(e) {
            e.detail.BOOMR.init({
              producer_url: "https://monorail-edge.shopifysvc.com/v1/produce",
              ResourceTiming: {
                enabled: true,
                trackedResourceTypes: ["script", "img", "css"]
              },
            });
            e.detail.BOOMR.t_end = new Date().getTime();
          });
        } else if (document.attachEvent) {
          document.attachEvent("onpropertychange", function(e) {
            if (!e) e=event;
            if (e.propertyName === "onBoomerangLoaded") {
              e.detail.BOOMR.init({
                producer_url: "https://monorail-edge.shopifysvc.com/v1/produce",
                ResourceTiming: {
                  enabled: true,
                  trackedResourceTypes: ["script", "img", "css"]
                },
              });
              e.detail.BOOMR.t_end = new Date().getTime();
            }
          });
        }
      })();
    

    
        window.ShopifyAnalytics.lib.page(
          null,
          {"pageType":"collection","resourceType":"collection","resourceId":23522233},
          "f1ac53bef1334e43640df3ce0f670c917ce212efd1b8b82ba46d3cee3b090520"
        );
      

    var match = window.location.pathname.match(/checkouts\/(.+)\/(thank_you|post_purchase)/)
    var token = match? match[1]: undefined;
    if (!hasLoggedConversion(token)) {
      setCookieIfConversion(token);
      
        window.ShopifyAnalytics.lib.track(
          "Viewed Product Category",
          {"currency":"AUD","category":"Collection: beef","nonInteraction":true},
          null
        );
      
    }
  });

  
      var eventsListenerScript = document.createElement('script');
      eventsListenerScript.async = true;
      eventsListenerScript.src = "//cdn.shopify.com/shopifycloud/shopify/assets/shop_events_listener-714e2e017903fad17d4471cb27d1f2c8a83b5a7a276f92420f7e5e40dbc9136e.js";
      document.getElementsByTagName('head')[0].appendChild(eventsListenerScript);
    
})();</script><script async="" src="//cdn.shopify.com/shopifycloud/shopify/assets/shop_events_listener-714e2e017903fad17d4471cb27d1f2c8a83b5a7a276f92420f7e5e40dbc9136e.js"></script>
<script integrity="sha256-2KbxRG1nAJxSTtTmhkiAC6kILrdVSO4o4QUDMcvnuig=" data-source-attribution="shopify.loadfeatures" defer="defer" src="//cdn.shopify.com/shopifycloud/shopify/assets/storefront/load_feature-d8a6f1446d67009c524ed4e68648800ba9082eb75548ee28e1050331cbe7ba28.js" crossorigin="anonymous"></script>
<script integrity="sha256-h+g5mYiIAULyxidxudjy/2wpCz/3Rd1CbrDf4NudHa4=" data-source-attribution="shopify.dynamic-checkout" defer="defer" src="//cdn.shopify.com/shopifycloud/shopify/assets/storefront/features-87e8399988880142f2c62771b9d8f2ff6c290b3ff745dd426eb0dfe0db9d1dae.js" crossorigin="anonymous"></script>


<style id="shopify-dynamic-checkout-cart">@media screen and (min-width: 750px) {
  #dynamic-checkout-cart {
    min-height: 50px;
  }
}

@media screen and (max-width: 750px) {
  #dynamic-checkout-cart {
    min-height: 120px;
  }
}
</style><script>window.performance && window.performance.mark && window.performance.mark('shopify.content_for_header.end');</script>

  
  <link href="//cdn.shopify.com/s/files/1/0206/9470/t/232/assets/style.css?v=16289461740346524185" rel="stylesheet" type="text/css" media="all">
  
  
  
    <!-- Roboto Font -->
    <link href="//cdn.shopify.com/s/files/1/0206/9470/t/232/assets/roboto.css?v=13901832469173212718" rel="stylesheet" type="text/css" media="all">
  
  
  <!--[if lt IE 8]>
    <script src="//cdn.shopify.com/s/files/1/0206/9470/t/232/assets/json2.js?v=7615692226906394226" type="text/javascript"></script>
  <![endif]-->

  <!--[if lt IE 9]>
  <script type="text/javascript" src="https://getfirebug.com/firebug-lite.js"></script>
  <script src="//html5shim.googlecode.com/svn/trunk/html5.js" type="text/javascript"></script>
  <script src="//cdn.shopify.com/s/files/1/0206/9470/t/232/assets/dd_roundies.js?v=2901169305964000837" type="text/javascript"></script>
  <script>
  DD_roundies.addRule('.circle', '45px');
  </script>
  <![endif]-->

  <link rel="stylesheet" href="https://fonts.googleapis.com/css?family=Lato:400,700%7CRoboto:400,700%7CRoboto:400,700%7CRoboto:400,700%7CRoboto:400,700"><script src="//cdn.shopify.com/s/files/1/0206/9470/t/232/assets/custom.modernizr.js?v=5052010297032259646" type="text/javascript"></script>
  <script src="//cdn.shopify.com/s/files/1/0206/9470/t/232/assets/jquery.min.js?v=9699549305322647846" type="text/javascript"></script>
  <script src="//cdn.shopify.com/s/files/1/0206/9470/t/232/assets/jquery-ui.js?v=4429261905882236201" type="text/javascript"></script>
  
   
  <script src="//cdn.shopify.com/s/files/1/0206/9470/t/232/assets/jquery.tinysort.min.js?v=10457661637837523694" type="text/javascript"></script>
  
  
  
  <script src="//cdn.shopify.com/s/files/1/0206/9470/t/232/assets/api.jquery.js?v=1968363455406988366" type="text/javascript"></script>
  
  <script src="//cdn.shopify.com/shopifycloud/shopify/assets/themes_support/option_selection-fe6b72c2bbdd3369ac0bfefe8648e3c889efca213baefd4cfb0dd9363563831f.js" type="text/javascript"></script>

  

  <script>
    var twitterID = '',
    general_external_links_enabled = true,
    general_scroll_to_active_item = false,
    shop_url = 'https://www.harrisfarm.com.au',
    shop_money_format = '${{amount}}',
    home_slider_auto_enabled = true,
    home_slider_rotate_frequency = 15000,
    home_widget_twitter_enabled = true,
    home_widget_blog_enabled = true,
    home_widget_instagram_client_id = '2a8f24a6d1da4856a1c6bef22e1b0082',
    product_zoom_enabled = true,
    product_modal_enabled = true,
    currency_switcher_enabled = false,
    theme = {};
  </script>
  
  <meta name="google-site-verification" content="0I5IjxCHViSrRp7Xeel7bkXjSiNBNrDPKtXfYskgqcc">
  
  <script src="//cdn.shopify.com/s/files/1/0206/9470/t/232/assets/jquery.cookie.js?v=4198347423564781694" type="text/javascript"></script>

  <script>
  //By default cart page not reloaded if visited from back/forward navigation - so force reload of cart page to reflect any cart dom changes from slider etc.
  if (($.cookie("cart_changed") != null) && (window.location.href.indexOf("/cart") != -1)){
    $.removeCookie("cart_changed", { path: '/' });
    location.reload();
  }
  </script>
  
<!-- Show maintenance page for testing. -->
<!--<script> 
  var urlParams_test = new URLSearchParams(window.location.search);    
  if (urlParams_test.get("action") == "test"){
  	$.cookie('action', 1);  
  }
  else if ($.cookie('action') != 1){
    $.cookie('action', 0);
  }
  if ((window.location.href.indexOf("/pages/under-maintenance") == -1) && $.cookie("action") == 0){
  	window.location = "/pages/under-maintenance"; 
  }
</script>  -->
<!-- End Show maintenance page for testing. -->
  
  
<script>
var aws = 'apps.harrisfarm.com.au'; // New AWS Server
var deliveryURL = '//' + aws + '/' + ((document.URL.indexOf('staging.harrisfarm.com.au') >= 0) ? 'delivery_staging' : 'delivery') + '/'; //Set delivery dir depending if in staging or not.
var cid = "";
var staffMember = false;
  



var shippingVariants = {"1281461448":2500,"2166009495561":2500,"2203109064713":2500,"1281460044":2400,"1281459204":2300,"1281458000":2200,"1281455524":2100,"832037181":2000,"832037185":1900,"832037189":1800,"832037193":1700,"832037197":1600,"832037201":1500,"832037205":1400,"832037209":1300,"832037213":1200,"832037217":1100,"832037221":1000,"832037225":900,"832037229":800,"832037233":700,"832037237":600,"832037241":500,"832037245":400,"832037249":300,"832037253":200,"832037257":2500,"832037261":0};
var resetShippingVariant = {"1281461448":0,"2166009495561":0,"2203109064713":0,"1281460044":0,"1281459204":0,"1281458000":0,"1281455524":0,"832037181":0,"832037185":0,"832037189":0,"832037193":0,"832037197":0,"832037201":0,"832037205":0,"832037209":0,"832037213":0,"832037217":0,"832037221":0,"832037225":0,"832037229":0,"832037233":0,"832037237":0,"832037241":0,"832037245":0,"832037249":0,"832037253":0,"832037257":0,"832037261":0};

Shopify.money_format = '${{amount}}';



var failedPostCodeURL = '/pages/outside-delivery-area';

var defaultAddressPostCode;
  



  
var hrefLoc = window.location.pathname;   
if (hrefLoc != '/challenge') {
  $.cookie('redirect_to', hrefLoc, { expires: 365, path: '/' });
}

        
 

  
// Variable for promo count to know max random number
var promotextcount = 5;
var shopifySID = $.cookie('_shopify_s');

//Determine current state based on postcode.
var currState = "NSW";
if ($.cookie("postcode") && ($.cookie("postcode").charAt(0) == "4")){
  currState = "QLD";
}
</script>




  <style>

/* Add Your Custom Styles Here */



</style>
  <link href="//cdn.shopify.com/s/files/1/0206/9470/t/232/assets/harrisfarm.scss.css?v=9693692390279405318" rel="stylesheet" type="text/css" media="all"> 
  <style>

  

  /* Product Widget Border Lines */  
  .large-2 {    
    width: 16%;
  }

  .product-grid .product-item {
    float: left;
    border: 1px solid lightgray;
    margin-right: 4px;
    margin-bottom: 15px !important;
    letter-spacing: 1.2px;
    padding-left: 3px;
    padding-right: 3px;
  }  
  /* Product Widget Border Lines */
  
  
  
  

  /* Add to Cart Button Widget */
  .ajax-add-to-cart-quick, .ajax-update-cart {
    display: -webkit-box; /* OLD - iOS 6-, Safari 3.1-6 */
    display: -webkit-flex; /* Newer Browser Versions */
    display: inline-flex; /* Latest Browser Versions */
    width: 100%; margin: 0 auto;   
  }


  

  

  
    

  

  
  

  
  
  @media only screen and (max-width: 1799px) and (min-width: 1300px) {
    
    
    
    .product-item {
      height: 400px;    
    }
	
    
  }

  
  @media only screen and (max-width: 1299px) and (min-width: 1150px) {

    
    
    .product-item {
      height: 400px;    
    }
	
        

  }
  
  
  @media only screen and (max-width: 1149px) and (min-width: 900px) {
    

    
    .product-item {
      height: 400px;    
    }
	

    .large-2 {
      width: 24.25%
    }

    .collection-image {
      height: 175px;
      width: 175px;
    }  

    .large-4 {
      height: 400px;
    }
    
    
    
  }

  
  
  @media only screen and (max-width: 899px) and (min-width: 768px) {
    
    .large-2 {
      width: 32.25%;
    }
    
    
    .product-item {
      height: 425px;    
    }
	
    
    
    .collection-image {
      height: 195px;
      width: 195px;
    }  
        
  }


  @media only screen and (max-width: 767px) and (min-width: 575px) {
  
    .product-grid {
     width: 99%;
    }
    
    .large-2 {
      width: 32.25%;
    }
    

    
    .product-item {
      height: 385px;    
    }
	
    
    
    .collection-image {
      height: 155px;
      width: 155px;
    }  
    
    
    
    
  }
  
  
  @media only screen and (max-width: 574px) and (min-width: 480px) {
      
    .large-2 {
      width: 48.50%;
    }
    
    
    .product-item {
      height: 355px;    
    }
  
    

    .collection-image {
      height: 125px;
      width: 125px;
    }  

    
    
    

  }
  
  
  /* Mobile Device View */
  
  @media only screen and (max-width: 1400px) {

  }
  

  @media only screen and (max-width: 768px) {


  }



  @media only screen and (max-width: 479px) {    
    
    .large-2 {
      width: 47%;
    }
    
            
    .collection-image {
      height: auto;
      width: 155px;
    }    
  }


  /* RESPONSIVE DESIGN */
  
</style>

<link rel="stylesheet" href="//cdn.shopify.com/s/files/1/0206/9470/t/232/assets/jquery-ui.css?v=2081755848989682125">
<!--Causing bug in IE/Safari, datepicker losing formatting in delivery pop-up <link rel="preload" href="//cdn.shopify.com/s/files/1/0206/9470/t/232/assets/jquery-ui.css?v=2081755848989682125" as="style" onload="this.rel='stylesheet'">
<noscript><link rel="stylesheet" href="//cdn.shopify.com/s/files/1/0206/9470/t/232/assets/jquery-ui.css?v=2081755848989682125"></noscript>-->
  
  <script src="//cdn.shopify.com/s/files/1/0206/9470/t/232/assets/HFM_Framework.js?v=14057207308627364300" type="text/javascript"></script>  
  <script src="//cdn.shopify.com/s/files/1/0206/9470/t/232/assets/HFM_Commons.js?v=14390588035584250362" type="text/javascript"></script>
  <script src="//cdn.shopify.com/s/files/1/0206/9470/t/232/assets/HFM_Stores.js?v=15942222265726060915" type="text/javascript"></script>

  <!-- Facebook Conversion Code for Harris Farm -->
<script type="text/javascript">
var fb_param = {};
fb_param.pixel_id = '6012896069875';
fb_param.value = '0.00';
fb_param.currency = 'AUD';
(function(){
  var fpw = document.createElement('script');
  fpw.async = true;
  fpw.src = '//connect.facebook.net/en_US/fp.js';
  var ref = document.getElementsByTagName('script')[0];
  ref.parentNode.insertBefore(fpw, ref);
})();
</script>
<noscript><img height="1" width="1" alt="" style="display:none" src="https://www.facebook.com/offsite_event.php?id=6012896069875&amp;value=0&amp;currency=AUD" /></noscript>


  <!-- Start Visual Website Optimizer Asynchronous Code -->
<script type="text/javascript">
var _vwo_code=(function(){
var account_id=66226,
settings_tolerance=2000,
library_tolerance=2500,
use_existing_jquery=false,
// DO NOT EDIT BELOW THIS LINE
f=false,d=document;return{use_existing_jquery:function(){return use_existing_jquery;},library_tolerance:function(){return library_tolerance;},finish:function(){if(!f){f=true;var a=d.getElementById('_vis_opt_path_hides');if(a)a.parentNode.removeChild(a);}},finished:function(){return f;},load:function(a){var b=d.createElement('script');b.src=a;b.type='text/javascript';b.innerText;b.onerror=function(){_vwo_code.finish();};d.getElementsByTagName('head')[0].appendChild(b);},init:function(){settings_timer=setTimeout('_vwo_code.finish()',settings_tolerance);this.load('//dev.visualwebsiteoptimizer.com/j.php?a='+account_id+'&u='+encodeURIComponent(d.URL)+'&r='+Math.random());var a=d.createElement('style'),b='body{opacity:0 !important;filter:alpha(opacity=0) !important;background:none !important;}',h=d.getElementsByTagName('head')[0];a.setAttribute('id','_vis_opt_path_hides');a.setAttribute('type','text/css');if(a.styleSheet)a.styleSheet.cssText=b;else a.appendChild(d.createTextNode(b));h.appendChild(a);return settings_timer;}};}());_vwo_settings_timer=_vwo_code.init();
</script><script src="//dev.visualwebsiteoptimizer.com/j.php?a=66226&amp;u=https%3A%2F%2Fwww.harrisfarm.com.au%2Fcollections%2Fbeef%3Fpage%3D1&amp;r=0.35450662892026874" type="text/javascript"></script>
<!-- End Visual Website Optimizer Asynchronous Code -->

  <!-- Autopilot Tracking -->
<script type="text/javascript">(function(o){var b="https://api.autopilothq.com/anywhere/",t="0a4886e3994344988f44e0feceb803c44fbac0c2480d4273be70183be9fccc70",a=window.AutopilotAnywhere={_runQueue:[],run:function(){this._runQueue.push(arguments);}},c=encodeURIComponent,s="SCRIPT",d=document,l=d.getElementsByTagName(s)[0],p="t="+c(d.title||"")+"&u="+c(d.location.href||"")+"&r="+c(d.referrer||""),j="text/javascript",z,y;if(!window.Autopilot) window.Autopilot=a;if(o.app) p="devmode=true&"+p;z=function(src,asy){var e=d.createElement(s);e.src=src;e.type=j;e.async=asy;l.parentNode.insertBefore(e,l);};if(!o.noaa){z(b+"aa/"+t+'?'+p,false)};y=function(){z(b+t+'?'+p,true);};if(window.attachEvent){window.attachEvent("onload",y);}else{window.addEventListener("load",y,false);}})({});</script>
<!-- 2021-02-17 DEL-1353 -->
<script>
	window.ap3c = window.ap3c || {};
	var ap3c = window.ap3c;
	ap3c.cmd = ap3c.cmd || [];

    ap3c.shopifyLiquidEmail = '';
    ap3c.shopifyIsProductAvailable = 'false';

	ap3c.cmd.push(function() {
		ap3c.init('X4U8JpOW-_ntVyXlaGFycmlzZmFybQ', 'https://capture-api.autopilotapp.com/');
		ap3c.track({v: 0, email: ap3c.shopifyLiquidEmail || null});
	});
	var s, t; s = document.createElement('script'); s.type = 'text/javascript'; s.src = "https://static.ap3prod.com/app.js";
	t = document.getElementsByTagName('script')[0]; t.parentNode.insertBefore(s, t);
</script>
  <!-- Algolia head -->
  <script type="text/template" id="template_algolia_money_format">${{amount}}
</script>
  <script type="text/template" id="template_algolia_autocomplete"><div class="
  aa-columns-container

  [[# with.articles ]] aa-with-articles [[/ with.articles ]]
  [[^ with.articles ]] aa-without-articles [[/ with.articles ]]

  [[# with.collections ]] aa-with-collections [[/ with.collections ]]
  [[^ with.collections ]] aa-without-collections [[/ with.collections ]]

  [[# with.footer ]] aa-with-footer [[/ with.footer ]]
  [[^ with.footer ]] aa-without-footer [[/ with.footer ]]

  [[# with.poweredBy ]] aa-with-powered-by [[/ with.poweredBy ]]
  [[^ with.poweredBy ]] aa-without-powered-by [[/ with.poweredBy ]]

  [[# with.products ]] aa-with-products [[/ with.products ]]
  [[^ with.products ]] aa-without-products [[/ with.products ]]
">
  <div class="aa-dataset-products aa-right-column"></div>

  <div class="aa-left-column">
    <div class="aa-collections">
      <div class="aa-collections-header">
        Recipes
      </div>
      <div class="aa-dataset-collections"></div>
    </div>

    <div class="aa-articles">
      <div class="aa-articles-header">
        Blog posts
      </div>
      <div class="aa-dataset-articles"></div>
    </div>

    <div class="aa-powered-by">
      <a
        class="aa-powered-by-logo"
        href="https://www.algolia.com/?utm_source=shopify&utm_medium=link&utm_campaign=autocomplete-[[ storeName ]]"
      ></a>
    </div>
  </div>
</div>
</script>
  <script type="text/template" id="template_algolia_autocomplete.css">.algolia-autocomplete {
  box-sizing: border-box;

  background: white;
  border: 1px solid #CCC;
  border-top: 2px solid [[ colors.main ]];

  z-index: 8998 !important;

  //color: black;

  text-align: left;
}

.aa-dropdown-menu .aa-highlight {
  color: black;
  font-weight: bold;
}

.aa-dropdown-menu .aa-cursor {
  cursor: pointer;
  background: #f8f8f8;
}

/* Resets */
.aa-dropdown-menu div,
.aa-dropdown-menu p,
.aa-dropdown-menu span,
.aa-dropdown-menu a {
  box-sizing: border-box;

  margin: 0;
  padding: 0;

  line-height: 1;
  font-size: 14px; //initial;
}
.aa-dropdown-menu .lds-ring div {
  margin: 6px;
}

/* Links */
.aa-dropdown-menu a,
.aa-dropdown-menu a:hover,
.aa-dropdown-menu a:focus,
.aa-dropdown-menu a:active {
  font-weight: initial;
  font-style: initial;
  text-decoration: initial;

  color: [[ colors.main ]];
}

.aa-dropdown-menu a:hover,
.aa-dropdown-menu a:focus,
.aa-dropdown-menu a:active {
  text-decoration: underline;
}

/* Column layout */
.aa-dropdown-menu .aa-left-column,
.aa-dropdown-menu .aa-right-column {
  position: relative;

  padding: 24px 24px 0 24px;
}

.aa-dropdown-menu-size-xs .aa-left-column,
.aa-dropdown-menu-size-xs .aa-right-column,
.aa-dropdown-menu-size-sm .aa-left-column,
.aa-dropdown-menu-size-sm .aa-right-column {
  padding: 24px 12px 0 12px;
}

.aa-dropdown-menu .aa-with-powered-by .aa-left-column {
  padding-bottom: 48px;
}

.aa-dropdown-menu-size-xs .aa-left-column,
.aa-dropdown-menu-size-sm .aa-left-column {
  padding-top: 0;
  padding-bottom: 32px;
}

.aa-dropdown-menu-size-xs .aa-without-powered-by .aa-left-column,
.aa-dropdown-menu-size-sm .aa-without-powered-by .aa-left-column {
  padding-bottom: 0;
}

.aa-dropdown-menu-size-lg .aa-columns-container {
  direction: rtl;

  width: 100%;

  display: table;
  table-layout: fixed;
}

.aa-dropdown-menu-size-lg .aa-left-column,
.aa-dropdown-menu-size-lg .aa-right-column {
  display: table-cell;
  direction: ltr;
  vertical-align: top;
}

.aa-dropdown-menu-size-lg .aa-left-column {
  width: 100%;
}

.aa-dropdown-menu-size-lg .aa-without-articles.aa-without-collections .aa-left-column {
  display: none;
}

.aa-dropdown-menu-size-lg .aa-without-products .aa-left-column {
  width: 100%;
}

.aa-dropdown-menu-size-lg .aa-right-column {
  width: 70%;
  border-left: 1px solid #ebebeb;

  padding-bottom: 64px;
}

.aa-dropdown-menu-size-lg .aa-without-footer .aa-right-column {
  padding-bottom: 0;
}

.aa-dropdown-menu-size-lg .aa-without-articles.aa-without-collections .aa-right-column {
  width: 100%;
  border-left: none;
}

.aa-dropdown-menu-size-lg .aa-without-products .aa-right-column {
  display: none;
}

/* Products group */
.aa-dropdown-menu .aa-dataset-products .aa-suggestions:after {
  content: '';
  display: block;
  clear: both;
}

.aa-dropdown-menu .aa-without-products .aa-dataset-products {
  display: none;
}

.aa-dropdown-menu .aa-products-empty {
  margin-bottom: 16px;
}

.aa-dropdown-menu .aa-products-empty .aa-no-result {
  color: [[ colors.secondary ]];
}

.aa-dropdown-menu .aa-products-empty .aa-see-all {
  margin-top: 8px;
}

/* Product */
.aa-dropdown-menu .aa-dataset-products .aa-suggestion {
  float: left;

  width: 50%;

  margin-bottom: 16px;
  margin-top: -4px; /* -$v_padding */
}

.aa-dropdown-menu-size-xs .aa-dataset-products .aa-suggestion,
.aa-dropdown-menu-size-sm .aa-dataset-products .aa-suggestion {
  width: 100%;
}

.aa-dropdown-menu .aa-product {
  position: relative;
  min-height: 56px; /* $img_size + 2 * $v_padding */

  padding: 4px 16px; /* $v_padding, $h_padding */
}

.aa-dropdown-menu .aa-product .btn {
  font-size: 12px !important;
}

.aa-dropdown-menu .aa-product-picture {
  position: absolute;

  width: 48px; /* $img_size */
  height: 48px; /* $img_size */

  top: 4px; /* $v_padding */
  left: 16px; /* $h_padding */

  background-position: center center;
  background-size: contain;
  background-repeat: no-repeat;
}

.aa-dropdown-menu .aa-product-text {
  margin-left: 64px; /* $img_size + $h_padding */
}

.aa-dropdown-menu-size-xs .aa-product {
  padding: 4px;
}

.aa-dropdown-menu-size-xs .aa-product-picture {
  display: none;
}

.aa-dropdown-menu-size-xs .aa-product-text {
  margin: 0;
}

.aa-dropdown-menu .aa-product-info {
  font-size: 0.85em;
  color: [[ colors.secondary ]];
}

.aa-dropdown-menu .aa-product-info .aa-highlight {
  font-size: 1em;
}

.aa-dropdown-menu .aa-product-price {
  color: [[ colors.main ]];
}

.aa-dropdown-menu .aa-product-title,
.aa-dropdown-menu .aa-product-info {
  width: 100%;

  //margin-top: -0.4em;

  white-space: nowrap;
  overflow: hidden;
  text-overflow: ellipsis;

  line-height: 1.5;

  font-size: 12px;
  text-transform: uppercase;
}

/* Collections & Articles */
.aa-dropdown-menu .aa-without-collections .aa-collections {
  display: none;
}

.aa-dropdown-menu .aa-without-articles .aa-articles {
  display: none;
}

.aa-dropdown-menu .aa-collections,
.aa-dropdown-menu .aa-articles {
  margin-bottom: 24px;
}

.aa-dropdown-menu .aa-collections-empty .aa-no-result,
.aa-dropdown-menu .aa-articles-empty .aa-no-result {
  opacity: 0.7;
}

.aa-dropdown-menu .aa-collections-header,
.aa-dropdown-menu .aa-articles-header {
  margin-bottom: 8px;

  text-transform: uppercase;
  font-weight: bold;
  font-size: 0.8em;

  color: [[ colors.secondary ]];
}

.aa-dropdown-menu .aa-collection,
.aa-dropdown-menu .aa-article {
  padding: 4px;
}

.aa-collection .aa-text, .aa-article .aa-text {
  display: inline-block;
  vertical-align: middle;
}

.aa-collection .aa-picture, .aa-article .aa-picture {
  height: 32px;
  width: 32px;
  display: inline-block;
  vertical-align: middle;
  margin-left: 15px;
  margin-right: 20px;
}

/* Footer */

.aa-dropdown-menu .aa-footer {
  display: block;

  width: 100%;

  /*position: absolute;*/
  left: 0;
  bottom: 0;

  padding: 0px 0px 15px 0px;

  /*background-color: #f8f8f8;*/
}

.aa-dropdown-menu-size-xs .aa-footer,
.aa-dropdown-menu-size-sm .aa-footer,
.aa-dropdown-menu-size-md .aa-footer {
  /*display: none;*/
}

/* Powered By */

.aa-dropdown-menu .aa-without-powered-by .aa-powered-by {
  display: none;
}

.aa-dropdown-menu .aa-powered-by {
  width: 100%;

  position: absolute;
  left: 0;
  bottom: 16px;

  text-align: center;
  font-size: 0.8em;
  color: [[ colors.secondary ]];
}

.aa-dropdown-menu .aa-powered-by-logo {
  display: inline-block;

  width: 142px;
  height: 24px;

  margin-bottom: -6px;

  background-position: center center;
  background-size: contain;
  background-repeat: no-repeat;
  background-image: url(data:image/svg+xml;base64,PHN2ZyB2aWV3Qm94PSIwIDAgMTMwIDE4IiB4bWxucz0iaHR0cDovL3d3dy53My5vcmcvMjAwMC9zdmciPjx0aXRsZT5zZWFyY2gtYnktYWxnb2xpYTwvdGl0bGU+PGRlZnM+PGxpbmVhckdyYWRpZW50IHgxPSItMzYuODY4JSIgeTE9IjEzNC45MzYlIiB4Mj0iMTI5LjQzMiUiIHkyPSItMjcuNyUiIGlkPSJhIj48c3RvcCBzdG9wLWNvbG9yPSIjMDBBRUZGIiBvZmZzZXQ9IjAlIi8+PHN0b3Agc3RvcC1jb2xvcj0iIzMzNjlFNyIgb2Zmc2V0PSIxMDAlIi8+PC9saW5lYXJHcmFkaWVudD48L2RlZnM+PGcgZmlsbD0ibm9uZSIgZmlsbC1ydWxlPSJldmVub2RkIj48cGF0aCBkPSJNNTkuMzk5LjAyMmgxMy4yOTlhMi4zNzIgMi4zNzIgMCAwIDEgMi4zNzcgMi4zNjRWMTUuNjJhMi4zNzIgMi4zNzIgMCAwIDEtMi4zNzcgMi4zNjRINTkuMzk5YTIuMzcyIDIuMzcyIDAgMCAxLTIuMzc3LTIuMzY0VjIuMzgxQTIuMzY4IDIuMzY4IDAgMCAxIDU5LjM5OS4wMjJ6IiBmaWxsPSJ1cmwoI2EpIi8+PHBhdGggZD0iTTY2LjI1NyA0LjU2Yy0yLjgxNSAwLTUuMSAyLjI3Mi01LjEgNS4wNzggMCAyLjgwNiAyLjI4NCA1LjA3MiA1LjEgNS4wNzIgMi44MTUgMCA1LjEtMi4yNzIgNS4xLTUuMDc4IDAtMi44MDYtMi4yNzktNS4wNzItNS4xLTUuMDcyem0wIDguNjUyYy0xLjk4MyAwLTMuNTkzLTEuNjAyLTMuNTkzLTMuNTc0IDAtMS45NzIgMS42MS0zLjU3NCAzLjU5My0zLjU3NCAxLjk4MyAwIDMuNTkzIDEuNjAyIDMuNTkzIDMuNTc0YTMuNTgyIDMuNTgyIDAgMCAxLTMuNTkzIDMuNTc0em0wLTYuNDE4djIuNjY0YzAgLjA3Ni4wODIuMTMxLjE1My4wOTNsMi4zNzctMS4yMjZjLjA1NS0uMDI3LjA3MS0uMDkzLjA0NC0uMTQ3YTIuOTYgMi45NiAwIDAgMC0yLjQ2NS0xLjQ4N2MtLjA1NSAwLS4xMS4wNDQtLjExLjEwNGwuMDAxLS4wMDF6bS0zLjMzLTEuOTU2bC0uMzEyLS4zMTFhLjc4My43ODMgMCAwIDAtMS4xMDYgMGwtLjM3Mi4zN2EuNzczLjc3MyAwIDAgMCAwIDEuMTAxbC4zMDcuMzA1Yy4wNDkuMDQ5LjEyMS4wMzguMTY0LS4wMTEuMTgxLS4yNDUuMzc4LS40NzkuNTk3LS42OTcuMjI1LS4yMjMuNDU1LS40Mi43MDctLjU5OS4wNTUtLjAzMy4wNi0uMTA5LjAxNi0uMTU4aC0uMDAxem01LjAwMS0uODA2di0uNjE2YS43ODEuNzgxIDAgMCAwLS43ODMtLjc3OWgtMS44MjRhLjc4Ljc4IDAgMCAwLS43ODMuNzc5di42MzJjMCAuMDcxLjA2Ni4xMi4xMzcuMTA0YTUuNzM2IDUuNzM2IDAgMCAxIDEuNTg4LS4yMjNjLjUyIDAgMS4wMzUuMDcxIDEuNTM0LjIwN2EuMTA2LjEwNiAwIDAgMCAuMTMxLS4xMDR6IiBmaWxsPSIjRkZGIi8+PHBhdGggZD0iTTEwMi4xNjIgMTMuNzYyYzAgMS40NTUtLjM3MiAyLjUxNy0xLjEyMyAzLjE5My0uNzUuNjc2LTEuODk1IDEuMDEzLTMuNDQgMS4wMTMtLjU2NCAwLTEuNzM2LS4xMDktMi42NzMtLjMxNmwuMzQ1LTEuNjg5Yy43ODMuMTYzIDEuODE5LjIwNyAyLjM2MS4yMDcuODYgMCAxLjQ3My0uMTc0IDEuODQtLjUyMy4zNjctLjM0OS41NDgtLjg2Ni41NDgtMS41NTN2LS4zNDlhNi4zNzQgNi4zNzQgMCAwIDEtLjgzOC4zMTYgNC4xNTEgNC4xNTEgMCAwIDEtMS4xOTQuMTU4IDQuNTE1IDQuNTE1IDAgMCAxLTEuNjE2LS4yNzggMy4zODUgMy4zODUgMCAwIDEtMS4yNTQtLjgxNyAzLjc0NCAzLjc0NCAwIDAgMS0uODExLTEuMzUxYy0uMTkyLS41MzktLjI5LTEuNTA0LS4yOS0yLjIxMiAwLS42NjUuMTA0LTEuNDk4LjMwNy0yLjA1NGEzLjkyNSAzLjkyNSAwIDAgMSAuOTA0LTEuNDMzIDQuMTI0IDQuMTI0IDAgMCAxIDEuNDQxLS45MjYgNS4zMSA1LjMxIDAgMCAxIDEuOTQ1LS4zNjVjLjY5NiAwIDEuMzM3LjA4NyAxLjk2MS4xOTFhMTUuODYgMTUuODYgMCAwIDEgMS41ODguMzMydjguNDU2aC0uMDAxem0tNS45NTQtNC4yMDZjMCAuODkzLjE5NyAxLjg4NS41OTIgMi4yOTkuMzk0LjQxNC45MDQuNjIxIDEuNTI4LjYyMS4zNCAwIC42NjMtLjA0OS45NjQtLjE0MmEyLjc1IDIuNzUgMCAwIDAgLjczNC0uMzMydi01LjI5YTguNTMxIDguNTMxIDAgMCAwLTEuNDEzLS4xOGMtLjc3OC0uMDIyLTEuMzY5LjI5NC0xLjc4Ni44MDEtLjQxMS41MDctLjYxOSAxLjM5NS0uNjE5IDIuMjIzem0xNi4xMiAwYzAgLjcxOS0uMTA0IDEuMjY0LS4zMTggMS44NThhNC4zODkgNC4zODkgMCAwIDEtLjkwNCAxLjUyYy0uMzg5LjQyLS44NTQuNzQ2LTEuNDAyLjk3NS0uNTQ4LjIyOS0xLjM5MS4zNi0xLjgxMy4zNi0uNDIyLS4wMDUtMS4yNi0uMTI1LTEuODAyLS4zNmE0LjA4OCA0LjA4OCAwIDAgMS0xLjM5Ny0uOTc1IDQuNDg2IDQuNDg2IDAgMCAxLS45MDktMS41MiA1LjAzNyA1LjAzNyAwIDAgMS0uMzI5LTEuODU4YzAtLjcxOS4wOTktMS40MTEuMzE4LTEuOTk5LjIxOS0uNTg4LjUyNi0xLjA5LjkyLTEuNTA5LjM5NC0uNDIuODY1LS43NDEgMS40MDItLjk3YTQuNTQ3IDQuNTQ3IDAgMCAxIDEuNzg2LS4zMzggNC42OSA0LjY5IDAgMCAxIDEuNzkxLjMzOGMuNTQ4LjIyOSAxLjAxOS41NSAxLjQwMi45Ny4zODkuNDIuNjkuOTIxLjkwOSAxLjUwOS4yMy41ODguMzQ1IDEuMjguMzQ1IDEuOTk5aC4wMDF6bS0yLjE5MS4wMDVjMC0uOTIxLS4yMDMtMS42ODktLjU5Ny0yLjIyMy0uMzk0LS41MzktLjk0OC0uODA2LTEuNjU0LS44MDYtLjcwNyAwLTEuMjYuMjY3LTEuNjU0LjgwNi0uMzk0LjUzOS0uNTg2IDEuMzAyLS41ODYgMi4yMjMgMCAuOTMyLjE5NyAxLjU1OC41OTIgMi4wOTguMzk0LjU0NS45NDguODEyIDEuNjU0LjgxMi43MDcgMCAxLjI2LS4yNzIgMS42NTQtLjgxMi4zOTQtLjU0NS41OTItMS4xNjYuNTkyLTIuMDk4aC0uMDAxem02Ljk2MiA0LjcwN2MtMy41MTEuMDE2LTMuNTExLTIuODIyLTMuNTExLTMuMjc0TDExMy41ODMuOTI2bDIuMTQyLS4zMzh2MTAuMDAzYzAgLjI1NiAwIDEuODggMS4zNzUgMS44ODV2MS43OTJoLS4wMDF6bTMuNzc0IDBoLTIuMTUzVjUuMDcybDIuMTUzLS4zMzh2OS41MzR6bS0xLjA3OS0xMC41NDJjLjcxOCAwIDEuMzA0LS41NzggMS4zMDQtMS4yOTEgMC0uNzE0LS41ODEtMS4yOTEtMS4zMDQtMS4yOTEtLjcyMyAwLTEuMzA0LjU3OC0xLjMwNCAxLjI5MSAwIC43MTQuNTg2IDEuMjkxIDEuMzA0IDEuMjkxem02LjQzMSAxLjAxM2MuNzA3IDAgMS4zMDQuMDg3IDEuNzg2LjI2Mi40ODIuMTc0Ljg3MS40MiAxLjE1Ni43My4yODUuMzExLjQ4OC43MzUuNjA4IDEuMTgyLjEyNi40NDcuMTg2LjkzNy4xODYgMS40NzZ2NS40ODFhMjUuMjQgMjUuMjQgMCAwIDEtMS40OTUuMjUxYy0uNjY4LjA5OC0xLjQxOS4xNDctMi4yNTEuMTQ3YTYuODI5IDYuODI5IDAgMCAxLTEuNTE3LS4xNTggMy4yMTMgMy4yMTMgMCAwIDEtMS4xNzgtLjUwNyAyLjQ1NSAyLjQ1NSAwIDAgMS0uNzYxLS45MDRjLS4xODEtLjM3LS4yNzQtLjg5My0uMjc0LTEuNDM4IDAtLjUyMy4xMDQtLjg1NS4zMDctMS4yMTUuMjA4LS4zNi40ODctLjY1NC44MzgtLjg4M2EzLjYwOSAzLjYwOSAwIDAgMSAxLjIyNy0uNDkgNy4wNzMgNy4wNzMgMCAwIDEgMi4yMDItLjEwM2MuMjYzLjAyNy41MzcuMDc2LjgzMy4xNDd2LS4zNDljMC0uMjQ1LS4wMjctLjQ3OS0uMDg4LS42OTdhMS40ODYgMS40ODYgMCAwIDAtLjMwNy0uNTgzYy0uMTQ4LS4xNjktLjM0LS4zLS41ODEtLjM5MmEyLjUzNiAyLjUzNiAwIDAgMC0uOTE1LS4xNjNjLS40OTMgMC0uOTQyLjA2LTEuMzUzLjEzMS0uNDExLjA3MS0uNzUuMTUzLTEuMDA4LjI0NWwtLjI1Ny0xLjc0OWMuMjY4LS4wOTMuNjY4LS4xODUgMS4xODMtLjI3OGE5LjMzNSA5LjMzNSAwIDAgMSAxLjY2LS4xNDJsLS4wMDEtLjAwMXptLjE4MSA3LjczMWMuNjU3IDAgMS4xNDUtLjAzOCAxLjQ4NC0uMTA0di0yLjE2OGE1LjA5NyA1LjA5NyAwIDAgMC0xLjk3OC0uMTA0Yy0uMjQxLjAzMy0uNDYuMDk4LS42NTIuMTkxYTEuMTY3IDEuMTY3IDAgMCAwLS40NjYuMzkyYy0uMTIxLjE2OS0uMTc1LjI2Ny0uMTc1LjUyMyAwIC41MDEuMTc1Ljc5LjQ5My45ODEuMzIzLjE5Ni43NS4yODkgMS4yOTMuMjg5aC4wMDF6TTg0LjEwOSA0Ljc5NGMuNzA3IDAgMS4zMDQuMDg3IDEuNzg2LjI2Mi40ODIuMTc0Ljg3MS40MiAxLjE1Ni43My4yOS4zMTYuNDg3LjczNS42MDggMS4xODIuMTI2LjQ0Ny4xODYuOTM3LjE4NiAxLjQ3NnY1LjQ4MWEyNS4yNCAyNS4yNCAwIDAgMS0xLjQ5NS4yNTFjLS42NjguMDk4LTEuNDE5LjE0Ny0yLjI1MS4xNDdhNi44MjkgNi44MjkgMCAwIDEtMS41MTctLjE1OCAzLjIxMyAzLjIxMyAwIDAgMS0xLjE3OC0uNTA3IDIuNDU1IDIuNDU1IDAgMCAxLS43NjEtLjkwNGMtLjE4MS0uMzctLjI3NC0uODkzLS4yNzQtMS40MzggMC0uNTIzLjEwNC0uODU1LjMwNy0xLjIxNS4yMDgtLjM2LjQ4Ny0uNjU0LjgzOC0uODgzYTMuNjA5IDMuNjA5IDAgMCAxIDEuMjI3LS40OSA3LjA3MyA3LjA3MyAwIDAgMSAyLjIwMi0uMTAzYy4yNTcuMDI3LjUzNy4wNzYuODMzLjE0N3YtLjM0OWMwLS4yNDUtLjAyNy0uNDc5LS4wODgtLjY5N2ExLjQ4NiAxLjQ4NiAwIDAgMC0uMzA3LS41ODNjLS4xNDgtLjE2OS0uMzQtLjMtLjU4MS0uMzkyYTIuNTM2IDIuNTM2IDAgMCAwLS45MTUtLjE2M2MtLjQ5MyAwLS45NDIuMDYtMS4zNTMuMTMxLS40MTEuMDcxLS43NS4xNTMtMS4wMDguMjQ1bC0uMjU3LTEuNzQ5Yy4yNjgtLjA5My42NjgtLjE4NSAxLjE4My0uMjc4YTguODkgOC44OSAwIDAgMSAxLjY2LS4xNDJsLS4wMDEtLjAwMXptLjE4NiA3LjczNmMuNjU3IDAgMS4xNDUtLjAzOCAxLjQ4NC0uMTA0di0yLjE2OGE1LjA5NyA1LjA5NyAwIDAgMC0xLjk3OC0uMTA0Yy0uMjQxLjAzMy0uNDYuMDk4LS42NTIuMTkxYTEuMTY3IDEuMTY3IDAgMCAwLS40NjYuMzkyYy0uMTIxLjE2OS0uMTc1LjI2Ny0uMTc1LjUyMyAwIC41MDEuMTc1Ljc5LjQ5My45ODEuMzE4LjE5MS43NS4yODkgMS4yOTMuMjg5aC4wMDF6bTguNjgyIDEuNzM4Yy0zLjUxMS4wMTYtMy41MTEtMi44MjItMy41MTEtMy4yNzRMODkuNDYxLjkyNmwyLjE0Mi0uMzM4djEwLjAwM2MwIC4yNTYgMCAxLjg4IDEuMzc1IDEuODg1djEuNzkyaC0uMDAxeiIgZmlsbD0iIzE4MjM1OSIvPjxwYXRoIGQ9Ik01LjAyNyAxMS4wMjVjMCAuNjk4LS4yNTIgMS4yNDYtLjc1NyAxLjY0NC0uNTA1LjM5Ny0xLjIwMS41OTYtMi4wODkuNTk2LS44ODggMC0xLjYxNS0uMTM4LTIuMTgxLS40MTR2LTEuMjE0Yy4zNTguMTY4LjczOS4zMDEgMS4xNDEuMzk3LjQwMy4wOTcuNzc4LjE0NSAxLjEyNS4xNDUuNTA4IDAgLjg4NC0uMDk3IDEuMTI1LS4yOWEuOTQ1Ljk0NSAwIDAgMCAuMzYzLS43NzkuOTc4Ljk3OCAwIDAgMC0uMzMzLS43NDdjLS4yMjItLjIwNC0uNjgtLjQ0Ni0xLjM3NS0uNzI1LS43MTYtLjI5LTEuMjIxLS42MjEtMS41MTUtLjk5NC0uMjk0LS4zNzItLjQ0LS44Mi0uNDQtMS4zNDMgMC0uNjU1LjIzMy0xLjE3MS42OTgtMS41NDcuNDY2LS4zNzYgMS4wOS0uNTY0IDEuODc1LS41NjQuNzUyIDAgMS41LjE2NSAyLjI0NS40OTRsLS40MDggMS4wNDdjLS42OTgtLjI5NC0xLjMyMS0uNDQtMS44NjktLjQ0LS40MTUgMC0uNzMuMDktLjk0NS4yNzFhLjg5Ljg5IDAgMCAwLS4zMjIuNzE3YzAgLjIwNC4wNDMuMzc5LjEyOS41MjQuMDg2LjE0NS4yMjcuMjgyLjQyNC40MTEuMTk3LjEyOS41NTEuMjk5IDEuMDYzLjUxLjU3Ny4yNC45OTkuNDY0IDEuMjY4LjY3MS4yNjkuMjA4LjQ2Ni40NDIuNTkxLjcwNC4xMjUuMjYxLjE4OC41NjkuMTg4LjkyNGwtLjAwMS4wMDJ6bTMuOTggMi4yNGMtLjkyNCAwLTEuNjQ2LS4yNjktMi4xNjctLjgwOC0uNTIxLS41MzktLjc4Mi0xLjI4MS0uNzgyLTIuMjI2IDAtLjk3LjI0Mi0xLjczMy43MjUtMi4yODguNDgzLS41NTUgMS4xNDgtLjgzMyAxLjk5My0uODMzLjc4NCAwIDEuNDA0LjIzOCAxLjg1OC43MTQuNDU1LjQ3Ni42ODIgMS4xMzIuNjgyIDEuOTY2di42ODJINy4zNTdjLjAxOC41NzcuMTc0IDEuMDIuNDY3IDEuMzI5LjI5NC4zMS43MDcuNDY1IDEuMjQxLjQ2NS4zNTEgMCAuNjc4LS4wMzMuOTgtLjA5OWE1LjEgNS4xIDAgMCAwIC45NzUtLjMzdjEuMDI2YTMuODY1IDMuODY1IDAgMCAxLS45MzUuMzEyIDUuNzIzIDUuNzIzIDAgMCAxLTEuMDguMDkxbC4wMDItLjAwMXptLS4yMzEtNS4xOTljLS40MDEgMC0uNzIyLjEyNy0uOTY0LjM4MXMtLjM4Ni42MjUtLjQzMiAxLjExMmgyLjY5NmMtLjAwNy0uNDkxLS4xMjUtLjg2Mi0uMzU0LTEuMTE1LS4yMjktLjI1Mi0uNTQ0LS4zNzktLjk0NS0uMzc5bC0uMDAxLjAwMXptNy42OTIgNS4wOTJsLS4yNTItLjgyN2gtLjA0M2MtLjI4Ni4zNjItLjU3NS42MDgtLjg2NS43MzktLjI5LjEzMS0uNjYyLjE5Ni0xLjExNy4xOTYtLjU4NCAwLTEuMDM5LS4xNTgtMS4zNjctLjQ3My0uMzI4LS4zMTUtLjQ5MS0uNzYxLS40OTEtMS4zMzcgMC0uNjEyLjIyNy0xLjA3NC42ODItMS4zODYuNDU1LS4zMTIgMS4xNDgtLjQ4MiAyLjA3OS0uNTFsMS4wMjYtLjAzMnYtLjMxN2MwLS4zOC0uMDg5LS42NjMtLjI2Ni0uODUxLS4xNzctLjE4OC0uNDUyLS4yODItLjgyNC0uMjgyLS4zMDQgMC0uNTk2LjA0NS0uODc2LjEzNGE2LjY4IDYuNjggMCAwIDAtLjgwNi4zMTdsLS40MDgtLjkwMmE0LjQxNCA0LjQxNCAwIDAgMSAxLjA1OC0uMzg0IDQuODU2IDQuODU2IDAgMCAxIDEuMDg1LS4xMzJjLjc1NiAwIDEuMzI2LjE2NSAxLjcxMS40OTQuMzg1LjMyOS41NzcuODQ3LjU3NyAxLjU1MnY0LjAwMmgtLjkwMmwtLjAwMS0uMDAxem0tMS44OC0uODU5Yy40NTggMCAuODI2LS4xMjggMS4xMDQtLjM4NC4yNzgtLjI1Ni40MTYtLjYxNS40MTYtMS4wNzd2LS41MTZsLS43NjMuMDMyYy0uNTk0LjAyMS0xLjAyNy4xMjEtMS4yOTcuMjk4cy0uNDA2LjQ0OC0uNDA2LjgxNGMwIC4yNjUuMDc5LjQ3LjIzNi42MTUuMTU4LjE0NS4zOTQuMjE4LjcwOS4yMThoLjAwMXptNy41NTctNS4xODljLjI1NCAwIC40NjQuMDE4LjYyOC4wNTRsLS4xMjQgMS4xNzZhMi4zODMgMi4zODMgMCAwIDAtLjU1OS0uMDY0Yy0uNTA1IDAtLjkxNC4xNjUtMS4yMjcuNDk0LS4zMTMuMzI5LS40Ny43NTctLjQ3IDEuMjg0djMuMTA1aC0xLjI2MlY3LjIxOGguOTg4bC4xNjcgMS4wNDdoLjA2NGMuMTk3LS4zNTQuNDU0LS42MzYuNzcxLS44NDNhMS44MyAxLjgzIDAgMCAxIDEuMDIzLS4zMTJoLjAwMXptNC4xMjUgNi4xNTVjLS44OTkgMC0xLjU4Mi0uMjYyLTIuMDQ5LS43ODctLjQ2Ny0uNTI1LS43MDEtMS4yNzctLjcwMS0yLjI1OSAwLS45OTkuMjQ0LTEuNzY3LjczMy0yLjMwNC40ODktLjUzNyAxLjE5NS0uODA2IDIuMTE5LS44MDYuNjI3IDAgMS4xOTEuMTE2IDEuNjkyLjM0OWwtLjM4MSAxLjAxNWMtLjUzNC0uMjA4LS45NzQtLjMxMi0xLjMyMS0uMzEyLTEuMDI4IDAtMS41NDIuNjgyLTEuNTQyIDIuMDQ2IDAgLjY2Ni4xMjggMS4xNjYuMzg0IDEuNTAxLjI1Ni4zMzUuNjMxLjUwMiAxLjEyNS41MDJhMy4yMyAzLjIzIDAgMCAwIDEuNTk1LS40MTl2MS4xMDFhMi41MyAyLjUzIDAgMCAxLS43MjIuMjg1IDQuMzU2IDQuMzU2IDAgMCAxLS45MzIuMDg2di4wMDJ6bTguMjc3LS4xMDdoLTEuMjY4VjkuNTA2YzAtLjQ1OC0uMDkyLS44LS4yNzctMS4wMjYtLjE4NC0uMjI2LS40NzctLjMzOC0uODc4LS4zMzgtLjUzIDAtLjkxOS4xNTgtMS4xNjguNDc1LS4yNDkuMzE3LS4zNzMuODQ4LS4zNzMgMS41OTN2Mi45NDloLTEuMjYyVjQuODAxaDEuMjYydjIuMTIyYzAgLjM0LS4wMjEuNzA0LS4wNjQgMS4wOWguMDgxYTEuNzYgMS43NiAwIDAgMSAuNzE3LS42NjZjLjMwNi0uMTU4LjY2My0uMjM2IDEuMDcyLS4yMzYgMS40MzkgMCAyLjE1OS43MjUgMi4xNTkgMi4xNzV2My44NzNsLS4wMDEtLjAwMXptNy42NDktNi4wNDhjLjc0MSAwIDEuMzE5LjI2OSAxLjczMi44MDYuNDE0LjUzNy42MiAxLjI5MS42MiAyLjI2MSAwIC45NzQtLjIwOSAxLjczMi0uNjI4IDIuMjc1LS40MTkuNTQyLTEuMDAxLjgxNC0xLjc0Ni44MTQtLjc1MiAwLTEuMzM2LS4yNy0xLjc1MS0uODExaC0uMDg2bC0uMjMxLjcwNGgtLjk0NVY0LjgwMWgxLjI2MnYxLjk4N2wtLjAyMS42NTUtLjAzMi41NTNoLjA1NGMuNDAxLS41OTEuOTkyLS44ODYgMS43NzItLjg4NnptLS4zMjggMS4wMzFjLS41MDggMC0uODc1LjE0OS0xLjA5OC40NDgtLjIyNC4yOTktLjMzOS43OTktLjM0NiAxLjUwMXYuMDg2YzAgLjcyMy4xMTUgMS4yNDcuMzQ0IDEuNTcxLjIyOS4zMjQuNjAzLjQ4NiAxLjEyMy40ODYuNDQ4IDAgLjc4Ny0uMTc3IDEuMDE4LS41MzIuMjMxLS4zNTQuMzQ2LS44NjcuMzQ2LTEuNTM2IDAtMS4zNS0uNDYyLTIuMDI1LTEuMzg2LTIuMDI1bC0uMDAxLjAwMXptMy4yNDQtLjkyNGgxLjM3NWwxLjIwOSAzLjM2OGMuMTgzLjQ4LjMwNC45MzEuMzY1IDEuMzU0aC4wNDNjLjAzMi0uMTk3LjA5MS0uNDM2LjE3Ny0uNzE3LjA4Ni0uMjgxLjU0MS0xLjYxNiAxLjM2NC00LjAwNGgxLjM2NGwtMi41NDEgNi43M2MtLjQ2MiAxLjIzNS0xLjIzMiAxLjg1My0yLjMxIDEuODUzLS4yNzkgMC0uNTUxLS4wMy0uODE2LS4wOTF2LS45OTljLjE5LjA0My40MDYuMDY0LjY1LjA2NC42MDkgMCAxLjAzNy0uMzUzIDEuMjg0LTEuMDU4bC4yMi0uNTU5LTIuMzg1LTUuOTQxaC4wMDF6IiBmaWxsPSIjMUQzNjU3Ii8+PC9nPjwvc3ZnPg==);
}


@media only screen and (max-width: 979px) {
  .aa-product .ajax-update-cart, .aa-product .ajax-add-to-cart-quick {
	  top: 25px !important;
  }
  .aa-product .unit_price {
	display: inline-block;
    margin-top: 25px;
  }
}

@media only screen and (min-width: 980px) {
  .aa-product .aa-product-title {
    width: 70%;
  }
}

@media only screen and (max-width: 1024px) {
  .aa-collection .aa-text, .aa-article .aa-text {
    width: 70%;
  }
}</script>
  <script type="text/template" id="template_algolia_autocomplete_collection"><div class="aa-collection">
  <div class="aa-picture" style="background-image: url('[[# helpers.iconImage ]][[/ helpers.iconImage ]]')"></div>
  <div class="aa-text">
    <span class="aa-title">[[& _highlightResult.title.value ]]</span>
  </div>
</div>
</script>
  <script type="text/template" id="template_algolia_autocomplete_collections_empty"><div class="aa-collections-empty">
  <div class="aa-no-result">
    No recipes found
  </div>
</div></script>
  <script type="text/template" id="template_algolia_autocomplete_article"><div class="aa-article">
  <div class="aa-picture" style="background-image: url('[[# helpers.iconImage ]][[/ helpers.iconImage ]]')"></div>
  <div class="aa-text">
    <span class="aa-title">[[& _highlightResult.title.value ]]</span>
  </div>
</div>
</script>
  <script type="text/template" id="template_algolia_autocomplete_articles_empty"><div class="aa-articles-empty">
  <div class="aa-no-result">
    No posts found
  </div>
</div>
</script>
  <script type="text/template" id="template_algolia_autocomplete_product"><div class="aa-product" id="product-[[ objectID ]]">
  <div class="aa-product-picture" style="background-image: url('[[# helpers.thumbImage ]][[/ helpers.thumbImage ]]')"></div>
  <div class="aa-product-text">
    <p class="aa-product-title">
      [[ title ]]
    </p>
    <p class="aa-product-info">
      <!--[[# product_type ]]
        [[& _highlightResult.product_type.value ]]
      [[/ product_type ]]
      [[# vendor ]]
        by [[& _highlightResult.vendor.value ]]
      [[/ vendor ]]-->
    </p>
    <span class="unit_price">
      <strong><span class="from_price [[# helpers.hfmSpecialPrice ]][[/ helpers.hfmSpecialPrice ]]">
        [[# helpers.formattedPrice ]][[ price ]][[/ helpers.formattedPrice ]] 
      </span>
      <small>ea</small></strong>
    </span>
  </div>  
  [[# helpers.hfmAddtoCartBtn ]][[ true ]][[/ helpers.hfmAddtoCartBtn ]]   
</div></script>
  <script type="text/template" id="template_algolia_autocomplete_products_empty"><div class="aa-products-empty">
  <p class="aa-no-result">
    No result for query "[[ query ]]"
  </p>

  <p class="aa-see-all">
    <a href="/search?q=">
      See all products
    </a>
  </p>
</div>
</script>
  <script type="text/template" id="template_algolia_autocomplete_footer"><div class="aa-footer">
  See all products
  <a class="aa-footer-link" href="/search?q=[[ query ]]">
    matching
    <span class="aa-query">
      "[[ query ]]"
    </span>
  </a>
  (<span class="aa-nbhits">[[# helpers.formatNumber ]][[ nbHits ]][[/ helpers.formatNumber ]]</span>)
</div>
</script>
  <script type="text/template" id="template_algolia_instant_search"><div class="ais-page">
  <!--<div class="ais-facets-button">
    Show filters
  </div>-->
  <div class="ais-facets">
      <div class="ais-current-refined-values-container"></div>
    [[# facets ]]
      <div class="ais-facet-[[ type ]] ais-facet-[[ name ]]"></div>
    [[/ facets ]]
  </div>
  <div class="ais-block">
    <div class="ais-input">
      <div class="ais-input--label">
        Current search
      </div>
      <div class="ais-search-box-container"></div>
      <div class="ais-input-button">
        <div class="ais-clear-input-icon"></div>
        <a title="Search by Algolia - Click to know more" href="https://www.algolia.com/?utm_source=shopify&utm_medium=link&utm_campaign=instantsearch-[[ storeName ]]">
          <div class="ais-algolia-icon"></div>
        </a>
      </div>
    </div>
    <div class="ais-search-header">
      <div class="ais-stats-container"></div>
      <div class="ais-sort">
        Sort by
        <span class="ais-sort-orders-container"></span>
      </div>
    </div>
    <div class="ais-hits-container ais-results-as-block product-grid"></div>
  </div>
  <div class="row">
    <div class="columns">
      <div class="divider bottom-margin"></div>
    </div>
  </div>  
  <div class="ais-pagination-container"></div>
</div></script>
  <script type="text/template" id="template_algolia_instant_search.css">/* Columns */
.ais-page .ais-facets {
  /*width: 20%;
  float: left;
  padding-right: 8px;*/
}

.ais-page .ais-block {
  /*width: 100%; 80%;
  float: right;
  padding-left: 8px;*/
}

/*.ais-results-size-xs .ais-page .ais-facets,
.ais-results-size-xs .ais-page .ais-block,
.ais-results-size-sm .ais-page .ais-facets,
.ais-results-size-sm .ais-page .ais-block {
  width: 100%;
  padding-left: 0px;
}*/

.ais-page .ais-pagination {
  clear: both;
}

/* Refine button */
.ais-page .ais-facets-button {
  display: none;

  margin: 16px 0;
  padding: 8px;

  border: 1px solid #e0e0e0;
  text-align: center;

  cursor: pointer;
}

.ais-results-size-xs .ais-page .ais-facets-button,
.ais-results-size-sm .ais-page .ais-facets-button {
  display: block;
}

.ais-results-size-xs .ais-page .ais-facets,
.ais-results-size-sm .ais-page .ais-facets {
  display: none;
}

.ais-results-size-xs .ais-page .ais-facets__shown,
.ais-results-size-sm .ais-page .ais-facets__shown {
  display: block;
}

/* Facets */
.ais-page .ais-facet {
  border: 1px solid #e0e0e0;

  margin-bottom: 16px;

  color: #636363;
}

.ais-page .ais-facet a,
.ais-page .ais-facet a:hover,
.ais-page .ais-facet a:focus,
.ais-page .ais-facet a:active {
  color: #666;
}

.ais-page .ais-facet--header {
  padding: 6px 8px;

  background: #f4f4f4;

  /*font-size: 0.95em;*/
  color: #757575;
  text-transform: uppercase;
}

.ais-page .ais-facet--body {
  padding: 8px;
}

.ais-page .ais-facet--item {
  position: relative;
  width: 100%;

  padding: 6px 50px 6px 0;

  cursor: pointer;
}

.ais-page .ais-facet--label {
  display: inline-block;
  margin-top: -0.15em;
  margin-bottom: -0.15em;

  width: 100%;

  white-space: nowrap;
  overflow: hidden;
  text-overflow: ellipsis;

  cursor: pointer;

  line-height: 1.3;
}

.ais-page .ais-facet--count {
  [[# distinct ]]
    display: none;
  [[/ distinct ]]

  position: absolute;

  top: 6px;
  right: 0px;

  color: [[ colors.secondary ]];
}

.ais-page .ais-facet--active {
  font-weight: bold;
}

.ais-page .ais-facet--active, .ais-page .ais-facet--item:hover {
  margin-left: -8px;
  padding-left: 4px;
  padding-right: 42px;

  border-left: 4px solid [[ colors.main ]];
}

.ais-page .ais-facet--active .ais-facet--count, .ais-page .ais-facet--item:hover .ais-facet--count {
  right: -8px;
}

.ais-page .ais-current-refined-values {
  position: relative;
}

.ais-page .ais-current-refined-values--header {
  padding-right: 72px;
}

.ais-page .ais-current-refined-values--clear-all {
  position: absolute;

  top: 5px;
  right: 8px;
}

.ais-page .ais-current-refined-values--link {
  display: table;

  width: 100%;
  margin: 4px 0;

  border: 1px solid #e0e0e0;

  cursor: pointer;
}

.ais-page .ais-current-refined-values--link:before {
  content: '\2a2f';
  display: table-cell;
  vertical-align: middle;

  width: 0;
  padding: 4px 6px;

  background: #e0e0e0;
}

.ais-page .ais-current-refined-values--link div {
  display: inline;
}

.ais-page .ais-current-refined-values--link > div {
  display: table-cell;
  vertical-align: middle;

  margin-top: -0.15em;
  margin-bottom: -0.15em;
  padding: 4px 6px;

  background: #f4f4f4;

  width: 100%;
  max-width: 1px;

  white-space: nowrap;
  overflow: hidden;
  text-overflow: ellipsis;

  line-height: 1.3;
}

.ais-page .ais-current-refined-values--link:hover {
  text-decoration: none;
}

.ais-page .ais-current-refined-values--link:hover > div {
  text-decoration: line-through;
}

.ais-page .ais-current-refined-values--label {
  font-weight: bold;
}

.ais-page .ais-current-refined-values--count {
  display: none;
}

.ais-page .ais-range-slider--target {
  margin: 16px 16px 24px 16px;
  cursor: pointer;
}

.ais-page .ais-range-slider--tooltip {
  display: none;

  background: transparent;

  /*font-size: 0.8em;*/
}

.ais-page .ais-range-slider--connect {
  background: [[ colors.main ]];
}

.ais-page .ais-range-slider--handle {
  border-color: #ccc;
}

.ais-page .ais-range-slider--active .ais-range-slider--tooltip {
  display: block;
}

.ais-page .ais-range-slider--value {
  margin-left: -20px;
  padding-top: 15px;

 /* font-size: 0.8em;*/
}

/* Search box */

.ais-page .ais-input {
  display: table;
  width: 100%;

  border: 2px solid [[ colors.main ]];
}

.ais-page .ais-input--label {
  display: table-cell;
  vertical-align: middle;

  width: 0;

  padding: 8px;
  padding-right: 24px;

  white-space: nowrap;
  color: white;
  background: [[ colors.main ]];
}

.ais-results-size-xs .ais-page .ais-input--label {
  display: none;
}

.ais-page .ais-search-box-container {
  display: table-cell;
  width: 100%;
  vertical-align: middle;
}

.ais-page .ais-search-box--input {
  width: 100%;
  padding: 8px 16px 8px 4px;

  border: none;
  margin-bottom: 0;
}

.ais-page .ais-search-box--input::-ms-clear {
  display: none;
  width: 0;
  height: 0;
}

.ais-page .ais-search-box--input,
.ais-page .ais-search-box--input:focus {
  outline: 0;
  box-shadow: none;

  height: 32px;
  padding: 0 8px;
}

.ais-page .ais-input-button {
  display: table-cell;
  vertical-align: middle;

  width: 0;
  padding: 4px 8px;
}

.ais-page .ais-clear-input-icon,
.ais-page .ais-algolia-icon {
  background-size: contain;
  background-position: center center;
  background-repeat: no-repeat;

  cursor: pointer;
}

.ais-page .ais-clear-input-icon {
  display: none;

  width: 16px;
  height: 16px;

  background-image: url('data:image/svg+xml;base64,PHN2ZyB3aWR0aD0iMTIiIGhlaWdodD0iMTIiIHZpZXdCb3g9IjAgMCAxMiAxMiIgeG1sbnM9Imh0dHA6Ly93d3cudzMub3JnLzIwMDAvc3ZnIiBvcGFjaXR5PSIwLjYiPjxwYXRoIGQ9Ik0uNTY2IDEuNjk4TDAgMS4xMyAxLjEzMiAwbC41NjUuNTY2TDYgNC44NjggMTAuMzAyLjU2NiAxMC44NjggMCAxMiAxLjEzMmwtLjU2Ni41NjVMNy4xMzIgNmw0LjMwMiA0LjMuNTY2LjU2OEwxMC44NjggMTJsLS41NjUtLjU2Nkw2IDcuMTMybC00LjMgNC4zMDJMMS4xMyAxMiAwIDEwLjg2OGwuNTY2LS41NjVMNC44NjggNiAuNTY2IDEuNjk4eiIvPjwvc3ZnPg==');
}

.ais-page .ais-algolia-icon {
  width: 24px;
  height: 24px;

  background-image: url(data:image/svg+xml;base64,PHN2ZyB2aWV3Qm94PSIwIDAgOTUgOTUiIHhtbG5zPSJodHRwOi8vd3d3LnczLm9yZy8yMDAwL3N2ZyI+PHRpdGxlPmFsZ29saWEtbmV3LWxvZ288L3RpdGxlPjxkZWZzPjxsaW5lYXJHcmFkaWVudCB4MT0iLTM3LjkwMSUiIHkxPSIxMzQuNzY4JSIgeDI9IjEzMC4xMTQlIiB5Mj0iLTI3LjgwMiUiIGlkPSJhIj48c3RvcCBzdG9wLWNvbG9yPSIjMDBBRUZGIiBvZmZzZXQ9IjAlIi8+PHN0b3Agc3RvcC1jb2xvcj0iIzMzNjlFNyIgb2Zmc2V0PSIxMDAlIi8+PC9saW5lYXJHcmFkaWVudD48L2RlZnM+PGcgZmlsbD0ibm9uZSIgZmlsbC1ydWxlPSJldmVub2RkIj48cmVjdCBmaWxsPSJ1cmwoI2EpIiB3aWR0aD0iOTQuMDQ1IiBoZWlnaHQ9Ijk0LjA3MiIgcng9IjEyLjM3NCIvPjxwYXRoIGQ9Ik00OC4xMjUgMjMuNzc1Yy0xNC42NzEgMC0yNi41OCAxMS44OTgtMjYuNTggMjYuNTg4IDAgMTQuNjkgMTEuODk1IDI2LjU4OCAyNi41OCAyNi41ODggMTQuNjg1IDAgMjYuNTgtMTEuOTEyIDI2LjU4LTI2LjYwMlM2Mi44MSAyMy43NzUgNDguMTI1IDIzLjc3NXptMCA0NS4zMDdjLTEwLjM0MyAwLTE4LjcyNy04LjM4Ni0xOC43MjctMTguNzMzIDAtMTAuMzQ2IDguMzg0LTE4LjczMiAxOC43MjctMTguNzMyIDEwLjM0NCAwIDE4LjcyNyA4LjM4NiAxOC43MjcgMTguNzMyIDAgMTAuMzQ3LTguMzgzIDE4LjczMy0xOC43MjcgMTguNzMzem0wLTMzLjZ2MTMuOTU1YzAgLjQwOC40MzYuNjguODAzLjQ5TDYxLjMgNDMuNTAxYS41NDguNTQ4IDAgMCAwIC4yMTctLjc2MmMtMi41NzItNC41MDYtNy4zMzUtNy41OTYtMTIuODM0LTcuOGEuNTQ5LjU0OSAwIDAgMC0uNTU4LjU0NHpNMzAuNzYgMjUuMjQ2bC0xLjYyLTEuNjJhNC4wODIgNC4wODIgMCAwIDAtNS43NyAwbC0xLjkzMyAxLjkzM2E0LjA4NSA0LjA4NSAwIDAgMCAwIDUuNzczbDEuNjA2IDEuNjA2Yy4yNDUuMjQ1LjY0LjIwNC44NDQtLjA2OGEzMC41NzIgMzAuNTcyIDAgMCAxIDMuMTE2LTMuNjYyIDI5LjcyMyAyOS43MjMgMCAwIDEgMy42ODktMy4xMzFjLjI3Mi0uMTkuMy0uNi4wNjgtLjgzem0yNi4wNjMtNC4yMzR2LTMuMjI2YTQuMDc4IDQuMDc4IDAgMCAwLTQuMDgzLTQuMDg0aC05LjVhNC4wNzggNC4wNzggMCAwIDAtNC4wODMgNC4wODR2My4zMDhjMCAuMzY4LjM1NC42MjYuNzA4LjUzMWEyOS41NjIgMjkuNTYyIDAgMCAxIDguMjc1LTEuMTU3YzIuNzIyIDAgNS40MDMuMzY3IDcuOTg5IDEuMDc1YS41NS41NSAwIDAgMCAuNjk0LS41M3oiIGZpbGw9IiNGRkYiLz48L2c+PC9zdmc+);
}

/* Search header */
.ais-page .ais-search-header {
  margin: 16px 0 8px 0;
  padding: 0.6em 0.9em 0.4em 0.9em;

  background: #f4f4f4;
  color: [[ colors.secondary ]];
}

.ais-page .ais-search-header:after {
  content: '';
  clear: both;
  display: block;
}

.ais-page .ais-search-header {
  /*font-size: 0.85em;*/
}

.ais-page .ais-search-header * {
  /*font-size: inherit;*/
  line-height: 1.6;
}

/* Stats */
.ais-page .ais-stats {
  float: left;
}

.ais-page .ais-stats--nb-results {
  font-weight: bold;
}

.ais-results-size-xs .ais-page .ais-stats {
  float: none;
}

/* Display mode */
.ais-page .ais-change-display {
  float: right;

  margin-left: 10px;

  cursor: pointer;
}

.ais-page .ais-change-display-block:hover,
.ais-page .ais-change-display-list:hover,
.ais-page .ais-change-display-selected {
  color: [[ colors.main ]];
}

/* Sort orders */
.ais-page .ais-sort {
  float: right;
}

.ais-sort {
  display: none;
}

.ais-results-size-xs .ais-page .ais-sort {
  float: none;
}

.ais-page .ais-sort-by-selector {
  display: inline-block;
  width: auto;
  min-width: 0;
  height: 1.6em;
  min-height: 0;

  padding: 0 0.4em;
  margin: 0;
  margin-top: -0.1em;

  cursor: pointer;
}

/* Hits */
.ais-page .ais-hits:after {
  content: '';
  clear: both;
  display: block;
}

.ais-page .ais-hit-empty {
  margin: 60px 0;
  text-align: center;
}

.ais-page .ais-highlight {
  position: relative;
  z-index: 1;

  font-weight: bold;
}

.ais-page .ais-highlight:before {
  content: '';
  position: absolute;

  z-index: -1;

  width: 100%;
  height: 100%;

  background: [[ colors.main ]];
  opacity: 0.1;
}

.ais-page .ais-hit {
  position: relative;
  float: left;
  margin: 8px 0 16px 0;
  border: 1px solid #e0e0e0;
  cursor: pointer;
}

.ais-page .ais-hit:hover {
  border-color: [[ colors.main ]];
}

.ais-page .ais-hit--details * {
  width: 100%;

  margin-top: -0.15em;
  margin-bottom: -0.15em;

  white-space: nowrap;
  overflow: hidden;
  text-overflow: ellipsis;

  line-height: 1.3;
}

.ais-page .ais-hit--title {
  color: [[ colors.main ]];
}

.ais-page .ais-hit--subtitle {
  /*font-size: 0.9em;*/
  color: [[ colors.secondary ]];
}

.ais-page .ais-hit--subtitle * {
  /*font-size: inherit;*/
}

.ais-page .ais-hit--price {
  color: [[ colors.main ]];
}

.ais-page .ais-hit--price-striked {
  text-decoration: line-through;
  color: [[ colors.secondary ]];
}

.ais-page .ais-hit--price-striked span {
  color: [[ colors.main ]];
}

.ais-page .ais-hit--price-discount {
  color: [[ colors.secondary ]];
}

.ais-page .ais-hit--cart-button {
  display: inline-block;

  width: auto;
  padding: 8px 16px;
  margin-top: 8px;

  color: [[ colors.secondary ]];
  background: #e0e0e0;

  /*font-size: 0.9em;*/
  text-transform: uppercase;
}

.ais-page .ais-hit--cart-button:not(.ais-hit--cart-button__disabled):hover {
  background-color: [[ colors.main ]];
  color: white;
  text-decoration: none;
}

.ais-page .ais-hit--cart-button__disabled {
  background: #ccc;
}

.ais-page .ais-results-as-list .ais-hit {
  padding: 30px 25px; /* $v_padding $h_padding */
  width: 100%;
  min-height: 170px; /* $img_size + 2 * $v_padding */
}

.ais-page .ais-results-as-list .ais-hit--picture {
  position: absolute;
  top: 30px; /* $v_padding */
  left: 25px; /* $h_padding */
  width: 110px; /* $img_size */
  height: 110px; /* $img_size */
  background-position: center center;
  background-size: contain;
  background-repeat: no-repeat;
}

.ais-page .ais-results-as-list .ais-hit--details {
  margin-left: 160px; /* $img_size + 2 * $h_padding */
}

.ais-page .ais-results-as-block .ais-hit {
  padding: 30px 25px; /* $v_padding $h_padding */

  text-align: center;
}

.ais-results-size-xs .ais-page .ais-results-as-block .ais-hit {
  width: 98%;
  margin-left: 2%;
}

.ais-results-size-sm .ais-page .ais-results-as-block .ais-hit,
.ais-results-size-md .ais-page .ais-results-as-block .ais-hit {
  width: 47.5%;
  margin-left: 5%;
}

.ais-results-size-sm .ais-page .ais-results-as-block > div > div:nth-of-type(2n + 1) .ais-hit,
.ais-results-size-md .ais-page .ais-results-as-block > div > div:nth-of-type(2n + 1) .ais-hit {
  margin-left: 0;
}

.ais-results-size-lg .ais-page .ais-results-as-block .ais-hit {
  width: 30%;
  margin-left: 5%;
}

.ais-results-size-lg .ais-page .ais-results-as-block > div > div:nth-of-type(3n + 1) .ais-hit {
  margin-left: 0;
}

.ais-page .ais-results-as-block .ais-hit--picture {
  position: absolute;
  top: 30px; /* $v_padding */
  left: 50%;
  margin-left: -55px; /* -$img_size / 2 */

  width: 110px; /* $img_size */
  height: 110px; /* $img_size */

  background-position: center center;
  background-size: contain;
  background-repeat: no-repeat;
}

.ais-page .ais-results-as-block .ais-hit--details {
  margin-top: 140px; /* $img_size + $v_padding */
}

/* Pagination */
.ais-page .ais-pagination {
  text-align: center;
  margin-bottom: 100px;
  padding-left: 0px;
  margin-top: 30px;
}

.ais-page .ais-pagination--item {
  display: inline-block;

  margin: 0px 5px;

  text-align: center;
}

.ais-page .ais-pagination--item__active {
  font-weight: bold;
}

.ais-page .ais-pagination--link {
  display: inline-block;

  width: 100%;
  height: 100%;

  padding: 5px 0;

}

.ais-pagination--item__disabled {
  display: none !important;
}</script>
  <script type="text/template" id="template_algolia_instant_search_stats">[[# hasNoResults ]]
  No result found
[[/ hasNoResults ]]

[[# hasOneResult ]]
  <span class="ais-stats--nb-results">
    1 result found
  </span>
[[/ hasOneResult ]]

[[# hasManyResults ]]
  [[ start ]]-[[ end ]] out of
  <span class="ais-stats--nb-results">
    [[# helpers.formatNumber ]][[ nbHits ]][[/ helpers.formatNumber ]]
    results found
  </span>
[[/ hasManyResults ]]</script>
  <script type="text/template" id="template_algolia_instant_search_facet_item"><label class="[[ cssClasses.label ]]">
  [[# type.disjunctive ]]
    <input type="checkbox" class="[[ cssClasses.checkbox ]]" [[# isRefined ]]checked[[/ isRefined ]]/>
  [[/ type.disjunctive ]]
  [[ name ]]
  <span class="[[ cssClasses.count ]]">
    [[# helpers.formatNumber ]]
      [[ count ]]
    [[/ helpers.formatNumber ]]
  </span>
</label>
</script>
  <script type="text/template" id="template_algolia_instant_search_current_refined_values_item">[[# label ]]
  <div class="ais-current-refined-values--label">[[ label ]]</div>[[^ operator ]]:[[/ operator]]
[[/ label ]]

[[# operator ]]
  [[& displayOperator ]]
  [[# helpers.formatNumber ]][[ name ]][[/ helpers.formatNumber ]]
[[/ operator ]]
[[^ operator ]]
  [[# exclude ]]-[[/ exclude ]][[ name ]]
[[/ operator ]]
</script>
  <script type="text/template" id="template_algolia_instant_search_product"><div class="product-item columns large-2" 
     data-handle="[[ handle ]]"
     id="product-[[ objectID ]]" data-variants="[[# helpers.hfmGetVariantDetails ]][[/ helpers.hfmGetVariantDetails ]]"  
     [[# helpers.hfmGetInStockDetails ]][[/ helpers.hfmGetInStockDetails ]] data-sort-tag="" data-shopify-sku="[[ sku ]]" 
     data-uom="[[ meta.local.uom ]]" data-conversion-factor="[[ meta.local.conversion ]]" data-hideinstate="[[ meta.local.hideInState ]]"
     [[# helpers.hideInState ]][[/ helpers.hideInState ]]>
 
  <div class="collection-image">
    [[# helpers.hfmAdditional ]][[/ helpers.hfmAdditional ]]   
    <a href="/products/[[ handle ]]">
      <img class="lazyOwl" data-src="[[# helpers.largeImage ]][[/ helpers.largeImage ]]" src="[[# helpers.mediumImage ]][[/ helpers.mediumImage ]]" 
           alt="" style="height: 100%; width: 100%"/>
    </a>
  </div>   
  <!-- .coll-image-wrap -->

  <div class="caption">
    
    <div class="box-title">
     
      <p class="title" style="height: 45px;[[# helpers.hfmReduceLargeTitleFontSize ]][[/ helpers.hfmReduceLargeTitleFontSize ]]">
        <a href="/products/[[ handle ]]">
        	[[ title ]]
        </a>
      </p>
      
      [[# helpers.hfmProductofOrigin ]][[/ helpers.hfmProductofOrigin ]]
      
      <div class="salecontainer">
        <span class="sale">			
          <span class="unit_price"><strong><span class="from_price [[# helpers.hfmSpecialPrice ]][[/ helpers.hfmSpecialPrice ]]">[[# helpers.formattedPrice ]][[ price ]][[/ helpers.formattedPrice ]]</span> <small>ea</small></strong></span><br/>
		  <span class="compare_at_price unit_price">[[# helpers.hfmCompareAtPrice ]][[/ helpers.hfmCompareAtPrice ]]</span>     
        </span>
      </div>

    </div>


  </div><!-- .coll-prod-caption -->
	
  [[# helpers.hfmAddtoCartBtn ]][[/ helpers.hfmAddtoCartBtn ]]

</div></script>
  <script type="text/template" id="template_algolia_instant_search_no_result"><div class="ais-hit-empty">
  <div class="ais-hit-empty--title">No product(s) found.</div>
  <div class="ais-hit-empty--clears">Try
    <a class="ais-hit-empty--clear-input ais-link">changing your search.</a>
  </div>
</div>
</script>
  <link href="//cdn.jsdelivr.net/fontawesome/4.4.0/css/font-awesome.min.css" rel="stylesheet" type="text/css" media="all">
  <link href="//cdn.jsdelivr.net/instantsearch.js/1/instantsearch.min.css" rel="stylesheet" type="text/css" media="all">
  <script src="//cdn.polyfill.io/v2/polyfill.min.js" type="text/javascript"></script>
  <script src="//cdn.jsdelivr.net/lodash/3.7.0/lodash.min.js" type="text/javascript"></script>
  <script src="//cdn.jsdelivr.net/jquery/2/jquery.min.js" type="text/javascript"></script>
  <script src="//cdn.jsdelivr.net/hogan.js/3/hogan.min.js" type="text/javascript"></script>
  <script src="//cdn.jsdelivr.net/autocomplete.js/0.24.2/autocomplete.jquery.min.js" type="text/javascript"></script>
  <script src="//cdn.jsdelivr.net/algoliasearch/3/algoliasearch.min.js" type="text/javascript"></script>
  <script src="//cdn.jsdelivr.net/instantsearch.js/1/instantsearch.min.js" type="text/javascript"></script>
  <script src="//cdn.shopify.com/s/files/1/0206/9470/t/232/assets/algolia_config.js?v=2782517815139130692" type="text/javascript"></script>
  <script src="//cdn.shopify.com/s/files/1/0206/9470/t/232/assets/algolia_init.js?v=12143646799941242711" type="text/javascript"></script>
  <script src="//cdn.shopify.com/s/files/1/0206/9470/t/232/assets/algolia_helpers.js?v=14208489762452723371" type="text/javascript"></script>
  <script src="//cdn.shopify.com/s/files/1/0206/9470/t/232/assets/algolia_autocomplete.js?v=11101543759316876889" type="text/javascript"></script><style>.algolia-autocomplete {
  box-sizing: border-box;

  background: white;
  border: 1px solid #CCC;
  border-top: 2px solid #158EC2;

  z-index: 8998 !important;

  //color: black;

  text-align: left;
}

.aa-dropdown-menu .aa-highlight {
  color: black;
  font-weight: bold;
}

.aa-dropdown-menu .aa-cursor {
  cursor: pointer;
  background: #f8f8f8;
}

/* Resets */
.aa-dropdown-menu div,
.aa-dropdown-menu p,
.aa-dropdown-menu span,
.aa-dropdown-menu a {
  box-sizing: border-box;

  margin: 0;
  padding: 0;

  line-height: 1;
  font-size: 14px; //initial;
}
.aa-dropdown-menu .lds-ring div {
  margin: 6px;
}

/* Links */
.aa-dropdown-menu a,
.aa-dropdown-menu a:hover,
.aa-dropdown-menu a:focus,
.aa-dropdown-menu a:active {
  font-weight: initial;
  font-style: initial;
  text-decoration: initial;

  color: #158EC2;
}

.aa-dropdown-menu a:hover,
.aa-dropdown-menu a:focus,
.aa-dropdown-menu a:active {
  text-decoration: underline;
}

/* Column layout */
.aa-dropdown-menu .aa-left-column,
.aa-dropdown-menu .aa-right-column {
  position: relative;

  padding: 24px 24px 0 24px;
}

.aa-dropdown-menu-size-xs .aa-left-column,
.aa-dropdown-menu-size-xs .aa-right-column,
.aa-dropdown-menu-size-sm .aa-left-column,
.aa-dropdown-menu-size-sm .aa-right-column {
  padding: 24px 12px 0 12px;
}

.aa-dropdown-menu .aa-with-powered-by .aa-left-column {
  padding-bottom: 48px;
}

.aa-dropdown-menu-size-xs .aa-left-column,
.aa-dropdown-menu-size-sm .aa-left-column {
  padding-top: 0;
  padding-bottom: 32px;
}

.aa-dropdown-menu-size-xs .aa-without-powered-by .aa-left-column,
.aa-dropdown-menu-size-sm .aa-without-powered-by .aa-left-column {
  padding-bottom: 0;
}

.aa-dropdown-menu-size-lg .aa-columns-container {
  direction: rtl;

  width: 100%;

  display: table;
  table-layout: fixed;
}

.aa-dropdown-menu-size-lg .aa-left-column,
.aa-dropdown-menu-size-lg .aa-right-column {
  display: table-cell;
  direction: ltr;
  vertical-align: top;
}

.aa-dropdown-menu-size-lg .aa-left-column {
  width: 100%;
}

.aa-dropdown-menu-size-lg .aa-without-articles.aa-without-collections .aa-left-column {
  display: none;
}

.aa-dropdown-menu-size-lg .aa-without-products .aa-left-column {
  width: 100%;
}

.aa-dropdown-menu-size-lg .aa-right-column {
  width: 70%;
  border-left: 1px solid #ebebeb;

  padding-bottom: 64px;
}

.aa-dropdown-menu-size-lg .aa-without-footer .aa-right-column {
  padding-bottom: 0;
}

.aa-dropdown-menu-size-lg .aa-without-articles.aa-without-collections .aa-right-column {
  width: 100%;
  border-left: none;
}

.aa-dropdown-menu-size-lg .aa-without-products .aa-right-column {
  display: none;
}

/* Products group */
.aa-dropdown-menu .aa-dataset-products .aa-suggestions:after {
  content: '';
  display: block;
  clear: both;
}

.aa-dropdown-menu .aa-without-products .aa-dataset-products {
  display: none;
}

.aa-dropdown-menu .aa-products-empty {
  margin-bottom: 16px;
}

.aa-dropdown-menu .aa-products-empty .aa-no-result {
  color: #888;
}

.aa-dropdown-menu .aa-products-empty .aa-see-all {
  margin-top: 8px;
}

/* Product */
.aa-dropdown-menu .aa-dataset-products .aa-suggestion {
  float: left;

  width: 50%;

  margin-bottom: 16px;
  margin-top: -4px; /* -$v_padding */
}

.aa-dropdown-menu-size-xs .aa-dataset-products .aa-suggestion,
.aa-dropdown-menu-size-sm .aa-dataset-products .aa-suggestion {
  width: 100%;
}

.aa-dropdown-menu .aa-product {
  position: relative;
  min-height: 56px; /* $img_size + 2 * $v_padding */

  padding: 4px 16px; /* $v_padding, $h_padding */
}

.aa-dropdown-menu .aa-product .btn {
  font-size: 12px !important;
}

.aa-dropdown-menu .aa-product-picture {
  position: absolute;

  width: 48px; /* $img_size */
  height: 48px; /* $img_size */

  top: 4px; /* $v_padding */
  left: 16px; /* $h_padding */

  background-position: center center;
  background-size: contain;
  background-repeat: no-repeat;
}

.aa-dropdown-menu .aa-product-text {
  margin-left: 64px; /* $img_size + $h_padding */
}

.aa-dropdown-menu-size-xs .aa-product {
  padding: 4px;
}

.aa-dropdown-menu-size-xs .aa-product-picture {
  display: none;
}

.aa-dropdown-menu-size-xs .aa-product-text {
  margin: 0;
}

.aa-dropdown-menu .aa-product-info {
  font-size: 0.85em;
  color: #888;
}

.aa-dropdown-menu .aa-product-info .aa-highlight {
  font-size: 1em;
}

.aa-dropdown-menu .aa-product-price {
  color: #158EC2;
}

.aa-dropdown-menu .aa-product-title,
.aa-dropdown-menu .aa-product-info {
  width: 100%;

  //margin-top: -0.4em;

  white-space: nowrap;
  overflow: hidden;
  text-overflow: ellipsis;

  line-height: 1.5;

  font-size: 12px;
  text-transform: uppercase;
}

/* Collections & Articles */
.aa-dropdown-menu .aa-without-collections .aa-collections {
  display: none;
}

.aa-dropdown-menu .aa-without-articles .aa-articles {
  display: none;
}

.aa-dropdown-menu .aa-collections,
.aa-dropdown-menu .aa-articles {
  margin-bottom: 24px;
}

.aa-dropdown-menu .aa-collections-empty .aa-no-result,
.aa-dropdown-menu .aa-articles-empty .aa-no-result {
  opacity: 0.7;
}

.aa-dropdown-menu .aa-collections-header,
.aa-dropdown-menu .aa-articles-header {
  margin-bottom: 8px;

  text-transform: uppercase;
  font-weight: bold;
  font-size: 0.8em;

  color: #888;
}

.aa-dropdown-menu .aa-collection,
.aa-dropdown-menu .aa-article {
  padding: 4px;
}

.aa-collection .aa-text, .aa-article .aa-text {
  display: inline-block;
  vertical-align: middle;
}

.aa-collection .aa-picture, .aa-article .aa-picture {
  height: 32px;
  width: 32px;
  display: inline-block;
  vertical-align: middle;
  margin-left: 15px;
  margin-right: 20px;
}

/* Footer */

.aa-dropdown-menu .aa-footer {
  display: block;

  width: 100%;

  /*position: absolute;*/
  left: 0;
  bottom: 0;

  padding: 0px 0px 15px 0px;

  /*background-color: #f8f8f8;*/
}

.aa-dropdown-menu-size-xs .aa-footer,
.aa-dropdown-menu-size-sm .aa-footer,
.aa-dropdown-menu-size-md .aa-footer {
  /*display: none;*/
}

/* Powered By */

.aa-dropdown-menu .aa-without-powered-by .aa-powered-by {
  display: none;
}

.aa-dropdown-menu .aa-powered-by {
  width: 100%;

  position: absolute;
  left: 0;
  bottom: 16px;

  text-align: center;
  font-size: 0.8em;
  color: #888;
}

.aa-dropdown-menu .aa-powered-by-logo {
  display: inline-block;

  width: 142px;
  height: 24px;

  margin-bottom: -6px;

  background-position: center center;
  background-size: contain;
  background-repeat: no-repeat;
  background-image: url(data:image/svg+xml;base64,PHN2ZyB2aWV3Qm94PSIwIDAgMTMwIDE4IiB4bWxucz0iaHR0cDovL3d3dy53My5vcmcvMjAwMC9zdmciPjx0aXRsZT5zZWFyY2gtYnktYWxnb2xpYTwvdGl0bGU+PGRlZnM+PGxpbmVhckdyYWRpZW50IHgxPSItMzYuODY4JSIgeTE9IjEzNC45MzYlIiB4Mj0iMTI5LjQzMiUiIHkyPSItMjcuNyUiIGlkPSJhIj48c3RvcCBzdG9wLWNvbG9yPSIjMDBBRUZGIiBvZmZzZXQ9IjAlIi8+PHN0b3Agc3RvcC1jb2xvcj0iIzMzNjlFNyIgb2Zmc2V0PSIxMDAlIi8+PC9saW5lYXJHcmFkaWVudD48L2RlZnM+PGcgZmlsbD0ibm9uZSIgZmlsbC1ydWxlPSJldmVub2RkIj48cGF0aCBkPSJNNTkuMzk5LjAyMmgxMy4yOTlhMi4zNzIgMi4zNzIgMCAwIDEgMi4zNzcgMi4zNjRWMTUuNjJhMi4zNzIgMi4zNzIgMCAwIDEtMi4zNzcgMi4zNjRINTkuMzk5YTIuMzcyIDIuMzcyIDAgMCAxLTIuMzc3LTIuMzY0VjIuMzgxQTIuMzY4IDIuMzY4IDAgMCAxIDU5LjM5OS4wMjJ6IiBmaWxsPSJ1cmwoI2EpIi8+PHBhdGggZD0iTTY2LjI1NyA0LjU2Yy0yLjgxNSAwLTUuMSAyLjI3Mi01LjEgNS4wNzggMCAyLjgwNiAyLjI4NCA1LjA3MiA1LjEgNS4wNzIgMi44MTUgMCA1LjEtMi4yNzIgNS4xLTUuMDc4IDAtMi44MDYtMi4yNzktNS4wNzItNS4xLTUuMDcyem0wIDguNjUyYy0xLjk4MyAwLTMuNTkzLTEuNjAyLTMuNTkzLTMuNTc0IDAtMS45NzIgMS42MS0zLjU3NCAzLjU5My0zLjU3NCAxLjk4MyAwIDMuNTkzIDEuNjAyIDMuNTkzIDMuNTc0YTMuNTgyIDMuNTgyIDAgMCAxLTMuNTkzIDMuNTc0em0wLTYuNDE4djIuNjY0YzAgLjA3Ni4wODIuMTMxLjE1My4wOTNsMi4zNzctMS4yMjZjLjA1NS0uMDI3LjA3MS0uMDkzLjA0NC0uMTQ3YTIuOTYgMi45NiAwIDAgMC0yLjQ2NS0xLjQ4N2MtLjA1NSAwLS4xMS4wNDQtLjExLjEwNGwuMDAxLS4wMDF6bS0zLjMzLTEuOTU2bC0uMzEyLS4zMTFhLjc4My43ODMgMCAwIDAtMS4xMDYgMGwtLjM3Mi4zN2EuNzczLjc3MyAwIDAgMCAwIDEuMTAxbC4zMDcuMzA1Yy4wNDkuMDQ5LjEyMS4wMzguMTY0LS4wMTEuMTgxLS4yNDUuMzc4LS40NzkuNTk3LS42OTcuMjI1LS4yMjMuNDU1LS40Mi43MDctLjU5OS4wNTUtLjAzMy4wNi0uMTA5LjAxNi0uMTU4aC0uMDAxem01LjAwMS0uODA2di0uNjE2YS43ODEuNzgxIDAgMCAwLS43ODMtLjc3OWgtMS44MjRhLjc4Ljc4IDAgMCAwLS43ODMuNzc5di42MzJjMCAuMDcxLjA2Ni4xMi4xMzcuMTA0YTUuNzM2IDUuNzM2IDAgMCAxIDEuNTg4LS4yMjNjLjUyIDAgMS4wMzUuMDcxIDEuNTM0LjIwN2EuMTA2LjEwNiAwIDAgMCAuMTMxLS4xMDR6IiBmaWxsPSIjRkZGIi8+PHBhdGggZD0iTTEwMi4xNjIgMTMuNzYyYzAgMS40NTUtLjM3MiAyLjUxNy0xLjEyMyAzLjE5My0uNzUuNjc2LTEuODk1IDEuMDEzLTMuNDQgMS4wMTMtLjU2NCAwLTEuNzM2LS4xMDktMi42NzMtLjMxNmwuMzQ1LTEuNjg5Yy43ODMuMTYzIDEuODE5LjIwNyAyLjM2MS4yMDcuODYgMCAxLjQ3My0uMTc0IDEuODQtLjUyMy4zNjctLjM0OS41NDgtLjg2Ni41NDgtMS41NTN2LS4zNDlhNi4zNzQgNi4zNzQgMCAwIDEtLjgzOC4zMTYgNC4xNTEgNC4xNTEgMCAwIDEtMS4xOTQuMTU4IDQuNTE1IDQuNTE1IDAgMCAxLTEuNjE2LS4yNzggMy4zODUgMy4zODUgMCAwIDEtMS4yNTQtLjgxNyAzLjc0NCAzLjc0NCAwIDAgMS0uODExLTEuMzUxYy0uMTkyLS41MzktLjI5LTEuNTA0LS4yOS0yLjIxMiAwLS42NjUuMTA0LTEuNDk4LjMwNy0yLjA1NGEzLjkyNSAzLjkyNSAwIDAgMSAuOTA0LTEuNDMzIDQuMTI0IDQuMTI0IDAgMCAxIDEuNDQxLS45MjYgNS4zMSA1LjMxIDAgMCAxIDEuOTQ1LS4zNjVjLjY5NiAwIDEuMzM3LjA4NyAxLjk2MS4xOTFhMTUuODYgMTUuODYgMCAwIDEgMS41ODguMzMydjguNDU2aC0uMDAxem0tNS45NTQtNC4yMDZjMCAuODkzLjE5NyAxLjg4NS41OTIgMi4yOTkuMzk0LjQxNC45MDQuNjIxIDEuNTI4LjYyMS4zNCAwIC42NjMtLjA0OS45NjQtLjE0MmEyLjc1IDIuNzUgMCAwIDAgLjczNC0uMzMydi01LjI5YTguNTMxIDguNTMxIDAgMCAwLTEuNDEzLS4xOGMtLjc3OC0uMDIyLTEuMzY5LjI5NC0xLjc4Ni44MDEtLjQxMS41MDctLjYxOSAxLjM5NS0uNjE5IDIuMjIzem0xNi4xMiAwYzAgLjcxOS0uMTA0IDEuMjY0LS4zMTggMS44NThhNC4zODkgNC4zODkgMCAwIDEtLjkwNCAxLjUyYy0uMzg5LjQyLS44NTQuNzQ2LTEuNDAyLjk3NS0uNTQ4LjIyOS0xLjM5MS4zNi0xLjgxMy4zNi0uNDIyLS4wMDUtMS4yNi0uMTI1LTEuODAyLS4zNmE0LjA4OCA0LjA4OCAwIDAgMS0xLjM5Ny0uOTc1IDQuNDg2IDQuNDg2IDAgMCAxLS45MDktMS41MiA1LjAzNyA1LjAzNyAwIDAgMS0uMzI5LTEuODU4YzAtLjcxOS4wOTktMS40MTEuMzE4LTEuOTk5LjIxOS0uNTg4LjUyNi0xLjA5LjkyLTEuNTA5LjM5NC0uNDIuODY1LS43NDEgMS40MDItLjk3YTQuNTQ3IDQuNTQ3IDAgMCAxIDEuNzg2LS4zMzggNC42OSA0LjY5IDAgMCAxIDEuNzkxLjMzOGMuNTQ4LjIyOSAxLjAxOS41NSAxLjQwMi45Ny4zODkuNDIuNjkuOTIxLjkwOSAxLjUwOS4yMy41ODguMzQ1IDEuMjguMzQ1IDEuOTk5aC4wMDF6bS0yLjE5MS4wMDVjMC0uOTIxLS4yMDMtMS42ODktLjU5Ny0yLjIyMy0uMzk0LS41MzktLjk0OC0uODA2LTEuNjU0LS44MDYtLjcwNyAwLTEuMjYuMjY3LTEuNjU0LjgwNi0uMzk0LjUzOS0uNTg2IDEuMzAyLS41ODYgMi4yMjMgMCAuOTMyLjE5NyAxLjU1OC41OTIgMi4wOTguMzk0LjU0NS45NDguODEyIDEuNjU0LjgxMi43MDcgMCAxLjI2LS4yNzIgMS42NTQtLjgxMi4zOTQtLjU0NS41OTItMS4xNjYuNTkyLTIuMDk4aC0uMDAxem02Ljk2MiA0LjcwN2MtMy41MTEuMDE2LTMuNTExLTIuODIyLTMuNTExLTMuMjc0TDExMy41ODMuOTI2bDIuMTQyLS4zMzh2MTAuMDAzYzAgLjI1NiAwIDEuODggMS4zNzUgMS44ODV2MS43OTJoLS4wMDF6bTMuNzc0IDBoLTIuMTUzVjUuMDcybDIuMTUzLS4zMzh2OS41MzR6bS0xLjA3OS0xMC41NDJjLjcxOCAwIDEuMzA0LS41NzggMS4zMDQtMS4yOTEgMC0uNzE0LS41ODEtMS4yOTEtMS4zMDQtMS4yOTEtLjcyMyAwLTEuMzA0LjU3OC0xLjMwNCAxLjI5MSAwIC43MTQuNTg2IDEuMjkxIDEuMzA0IDEuMjkxem02LjQzMSAxLjAxM2MuNzA3IDAgMS4zMDQuMDg3IDEuNzg2LjI2Mi40ODIuMTc0Ljg3MS40MiAxLjE1Ni43My4yODUuMzExLjQ4OC43MzUuNjA4IDEuMTgyLjEyNi40NDcuMTg2LjkzNy4xODYgMS40NzZ2NS40ODFhMjUuMjQgMjUuMjQgMCAwIDEtMS40OTUuMjUxYy0uNjY4LjA5OC0xLjQxOS4xNDctMi4yNTEuMTQ3YTYuODI5IDYuODI5IDAgMCAxLTEuNTE3LS4xNTggMy4yMTMgMy4yMTMgMCAwIDEtMS4xNzgtLjUwNyAyLjQ1NSAyLjQ1NSAwIDAgMS0uNzYxLS45MDRjLS4xODEtLjM3LS4yNzQtLjg5My0uMjc0LTEuNDM4IDAtLjUyMy4xMDQtLjg1NS4zMDctMS4yMTUuMjA4LS4zNi40ODctLjY1NC44MzgtLjg4M2EzLjYwOSAzLjYwOSAwIDAgMSAxLjIyNy0uNDkgNy4wNzMgNy4wNzMgMCAwIDEgMi4yMDItLjEwM2MuMjYzLjAyNy41MzcuMDc2LjgzMy4xNDd2LS4zNDljMC0uMjQ1LS4wMjctLjQ3OS0uMDg4LS42OTdhMS40ODYgMS40ODYgMCAwIDAtLjMwNy0uNTgzYy0uMTQ4LS4xNjktLjM0LS4zLS41ODEtLjM5MmEyLjUzNiAyLjUzNiAwIDAgMC0uOTE1LS4xNjNjLS40OTMgMC0uOTQyLjA2LTEuMzUzLjEzMS0uNDExLjA3MS0uNzUuMTUzLTEuMDA4LjI0NWwtLjI1Ny0xLjc0OWMuMjY4LS4wOTMuNjY4LS4xODUgMS4xODMtLjI3OGE5LjMzNSA5LjMzNSAwIDAgMSAxLjY2LS4xNDJsLS4wMDEtLjAwMXptLjE4MSA3LjczMWMuNjU3IDAgMS4xNDUtLjAzOCAxLjQ4NC0uMTA0di0yLjE2OGE1LjA5NyA1LjA5NyAwIDAgMC0xLjk3OC0uMTA0Yy0uMjQxLjAzMy0uNDYuMDk4LS42NTIuMTkxYTEuMTY3IDEuMTY3IDAgMCAwLS40NjYuMzkyYy0uMTIxLjE2OS0uMTc1LjI2Ny0uMTc1LjUyMyAwIC41MDEuMTc1Ljc5LjQ5My45ODEuMzIzLjE5Ni43NS4yODkgMS4yOTMuMjg5aC4wMDF6TTg0LjEwOSA0Ljc5NGMuNzA3IDAgMS4zMDQuMDg3IDEuNzg2LjI2Mi40ODIuMTc0Ljg3MS40MiAxLjE1Ni43My4yOS4zMTYuNDg3LjczNS42MDggMS4xODIuMTI2LjQ0Ny4xODYuOTM3LjE4NiAxLjQ3NnY1LjQ4MWEyNS4yNCAyNS4yNCAwIDAgMS0xLjQ5NS4yNTFjLS42NjguMDk4LTEuNDE5LjE0Ny0yLjI1MS4xNDdhNi44MjkgNi44MjkgMCAwIDEtMS41MTctLjE1OCAzLjIxMyAzLjIxMyAwIDAgMS0xLjE3OC0uNTA3IDIuNDU1IDIuNDU1IDAgMCAxLS43NjEtLjkwNGMtLjE4MS0uMzctLjI3NC0uODkzLS4yNzQtMS40MzggMC0uNTIzLjEwNC0uODU1LjMwNy0xLjIxNS4yMDgtLjM2LjQ4Ny0uNjU0LjgzOC0uODgzYTMuNjA5IDMuNjA5IDAgMCAxIDEuMjI3LS40OSA3LjA3MyA3LjA3MyAwIDAgMSAyLjIwMi0uMTAzYy4yNTcuMDI3LjUzNy4wNzYuODMzLjE0N3YtLjM0OWMwLS4yNDUtLjAyNy0uNDc5LS4wODgtLjY5N2ExLjQ4NiAxLjQ4NiAwIDAgMC0uMzA3LS41ODNjLS4xNDgtLjE2OS0uMzQtLjMtLjU4MS0uMzkyYTIuNTM2IDIuNTM2IDAgMCAwLS45MTUtLjE2M2MtLjQ5MyAwLS45NDIuMDYtMS4zNTMuMTMxLS40MTEuMDcxLS43NS4xNTMtMS4wMDguMjQ1bC0uMjU3LTEuNzQ5Yy4yNjgtLjA5My42NjgtLjE4NSAxLjE4My0uMjc4YTguODkgOC44OSAwIDAgMSAxLjY2LS4xNDJsLS4wMDEtLjAwMXptLjE4NiA3LjczNmMuNjU3IDAgMS4xNDUtLjAzOCAxLjQ4NC0uMTA0di0yLjE2OGE1LjA5NyA1LjA5NyAwIDAgMC0xLjk3OC0uMTA0Yy0uMjQxLjAzMy0uNDYuMDk4LS42NTIuMTkxYTEuMTY3IDEuMTY3IDAgMCAwLS40NjYuMzkyYy0uMTIxLjE2OS0uMTc1LjI2Ny0uMTc1LjUyMyAwIC41MDEuMTc1Ljc5LjQ5My45ODEuMzE4LjE5MS43NS4yODkgMS4yOTMuMjg5aC4wMDF6bTguNjgyIDEuNzM4Yy0zLjUxMS4wMTYtMy41MTEtMi44MjItMy41MTEtMy4yNzRMODkuNDYxLjkyNmwyLjE0Mi0uMzM4djEwLjAwM2MwIC4yNTYgMCAxLjg4IDEuMzc1IDEuODg1djEuNzkyaC0uMDAxeiIgZmlsbD0iIzE4MjM1OSIvPjxwYXRoIGQ9Ik01LjAyNyAxMS4wMjVjMCAuNjk4LS4yNTIgMS4yNDYtLjc1NyAxLjY0NC0uNTA1LjM5Ny0xLjIwMS41OTYtMi4wODkuNTk2LS44ODggMC0xLjYxNS0uMTM4LTIuMTgxLS40MTR2LTEuMjE0Yy4zNTguMTY4LjczOS4zMDEgMS4xNDEuMzk3LjQwMy4wOTcuNzc4LjE0NSAxLjEyNS4xNDUuNTA4IDAgLjg4NC0uMDk3IDEuMTI1LS4yOWEuOTQ1Ljk0NSAwIDAgMCAuMzYzLS43NzkuOTc4Ljk3OCAwIDAgMC0uMzMzLS43NDdjLS4yMjItLjIwNC0uNjgtLjQ0Ni0xLjM3NS0uNzI1LS43MTYtLjI5LTEuMjIxLS42MjEtMS41MTUtLjk5NC0uMjk0LS4zNzItLjQ0LS44Mi0uNDQtMS4zNDMgMC0uNjU1LjIzMy0xLjE3MS42OTgtMS41NDcuNDY2LS4zNzYgMS4wOS0uNTY0IDEuODc1LS41NjQuNzUyIDAgMS41LjE2NSAyLjI0NS40OTRsLS40MDggMS4wNDdjLS42OTgtLjI5NC0xLjMyMS0uNDQtMS44NjktLjQ0LS40MTUgMC0uNzMuMDktLjk0NS4yNzFhLjg5Ljg5IDAgMCAwLS4zMjIuNzE3YzAgLjIwNC4wNDMuMzc5LjEyOS41MjQuMDg2LjE0NS4yMjcuMjgyLjQyNC40MTEuMTk3LjEyOS41NTEuMjk5IDEuMDYzLjUxLjU3Ny4yNC45OTkuNDY0IDEuMjY4LjY3MS4yNjkuMjA4LjQ2Ni40NDIuNTkxLjcwNC4xMjUuMjYxLjE4OC41NjkuMTg4LjkyNGwtLjAwMS4wMDJ6bTMuOTggMi4yNGMtLjkyNCAwLTEuNjQ2LS4yNjktMi4xNjctLjgwOC0uNTIxLS41MzktLjc4Mi0xLjI4MS0uNzgyLTIuMjI2IDAtLjk3LjI0Mi0xLjczMy43MjUtMi4yODguNDgzLS41NTUgMS4xNDgtLjgzMyAxLjk5My0uODMzLjc4NCAwIDEuNDA0LjIzOCAxLjg1OC43MTQuNDU1LjQ3Ni42ODIgMS4xMzIuNjgyIDEuOTY2di42ODJINy4zNTdjLjAxOC41NzcuMTc0IDEuMDIuNDY3IDEuMzI5LjI5NC4zMS43MDcuNDY1IDEuMjQxLjQ2NS4zNTEgMCAuNjc4LS4wMzMuOTgtLjA5OWE1LjEgNS4xIDAgMCAwIC45NzUtLjMzdjEuMDI2YTMuODY1IDMuODY1IDAgMCAxLS45MzUuMzEyIDUuNzIzIDUuNzIzIDAgMCAxLTEuMDguMDkxbC4wMDItLjAwMXptLS4yMzEtNS4xOTljLS40MDEgMC0uNzIyLjEyNy0uOTY0LjM4MXMtLjM4Ni42MjUtLjQzMiAxLjExMmgyLjY5NmMtLjAwNy0uNDkxLS4xMjUtLjg2Mi0uMzU0LTEuMTE1LS4yMjktLjI1Mi0uNTQ0LS4zNzktLjk0NS0uMzc5bC0uMDAxLjAwMXptNy42OTIgNS4wOTJsLS4yNTItLjgyN2gtLjA0M2MtLjI4Ni4zNjItLjU3NS42MDgtLjg2NS43MzktLjI5LjEzMS0uNjYyLjE5Ni0xLjExNy4xOTYtLjU4NCAwLTEuMDM5LS4xNTgtMS4zNjctLjQ3My0uMzI4LS4zMTUtLjQ5MS0uNzYxLS40OTEtMS4zMzcgMC0uNjEyLjIyNy0xLjA3NC42ODItMS4zODYuNDU1LS4zMTIgMS4xNDgtLjQ4MiAyLjA3OS0uNTFsMS4wMjYtLjAzMnYtLjMxN2MwLS4zOC0uMDg5LS42NjMtLjI2Ni0uODUxLS4xNzctLjE4OC0uNDUyLS4yODItLjgyNC0uMjgyLS4zMDQgMC0uNTk2LjA0NS0uODc2LjEzNGE2LjY4IDYuNjggMCAwIDAtLjgwNi4zMTdsLS40MDgtLjkwMmE0LjQxNCA0LjQxNCAwIDAgMSAxLjA1OC0uMzg0IDQuODU2IDQuODU2IDAgMCAxIDEuMDg1LS4xMzJjLjc1NiAwIDEuMzI2LjE2NSAxLjcxMS40OTQuMzg1LjMyOS41NzcuODQ3LjU3NyAxLjU1MnY0LjAwMmgtLjkwMmwtLjAwMS0uMDAxem0tMS44OC0uODU5Yy40NTggMCAuODI2LS4xMjggMS4xMDQtLjM4NC4yNzgtLjI1Ni40MTYtLjYxNS40MTYtMS4wNzd2LS41MTZsLS43NjMuMDMyYy0uNTk0LjAyMS0xLjAyNy4xMjEtMS4yOTcuMjk4cy0uNDA2LjQ0OC0uNDA2LjgxNGMwIC4yNjUuMDc5LjQ3LjIzNi42MTUuMTU4LjE0NS4zOTQuMjE4LjcwOS4yMThoLjAwMXptNy41NTctNS4xODljLjI1NCAwIC40NjQuMDE4LjYyOC4wNTRsLS4xMjQgMS4xNzZhMi4zODMgMi4zODMgMCAwIDAtLjU1OS0uMDY0Yy0uNTA1IDAtLjkxNC4xNjUtMS4yMjcuNDk0LS4zMTMuMzI5LS40Ny43NTctLjQ3IDEuMjg0djMuMTA1aC0xLjI2MlY3LjIxOGguOTg4bC4xNjcgMS4wNDdoLjA2NGMuMTk3LS4zNTQuNDU0LS42MzYuNzcxLS44NDNhMS44MyAxLjgzIDAgMCAxIDEuMDIzLS4zMTJoLjAwMXptNC4xMjUgNi4xNTVjLS44OTkgMC0xLjU4Mi0uMjYyLTIuMDQ5LS43ODctLjQ2Ny0uNTI1LS43MDEtMS4yNzctLjcwMS0yLjI1OSAwLS45OTkuMjQ0LTEuNzY3LjczMy0yLjMwNC40ODktLjUzNyAxLjE5NS0uODA2IDIuMTE5LS44MDYuNjI3IDAgMS4xOTEuMTE2IDEuNjkyLjM0OWwtLjM4MSAxLjAxNWMtLjUzNC0uMjA4LS45NzQtLjMxMi0xLjMyMS0uMzEyLTEuMDI4IDAtMS41NDIuNjgyLTEuNTQyIDIuMDQ2IDAgLjY2Ni4xMjggMS4xNjYuMzg0IDEuNTAxLjI1Ni4zMzUuNjMxLjUwMiAxLjEyNS41MDJhMy4yMyAzLjIzIDAgMCAwIDEuNTk1LS40MTl2MS4xMDFhMi41MyAyLjUzIDAgMCAxLS43MjIuMjg1IDQuMzU2IDQuMzU2IDAgMCAxLS45MzIuMDg2di4wMDJ6bTguMjc3LS4xMDdoLTEuMjY4VjkuNTA2YzAtLjQ1OC0uMDkyLS44LS4yNzctMS4wMjYtLjE4NC0uMjI2LS40NzctLjMzOC0uODc4LS4zMzgtLjUzIDAtLjkxOS4xNTgtMS4xNjguNDc1LS4yNDkuMzE3LS4zNzMuODQ4LS4zNzMgMS41OTN2Mi45NDloLTEuMjYyVjQuODAxaDEuMjYydjIuMTIyYzAgLjM0LS4wMjEuNzA0LS4wNjQgMS4wOWguMDgxYTEuNzYgMS43NiAwIDAgMSAuNzE3LS42NjZjLjMwNi0uMTU4LjY2My0uMjM2IDEuMDcyLS4yMzYgMS40MzkgMCAyLjE1OS43MjUgMi4xNTkgMi4xNzV2My44NzNsLS4wMDEtLjAwMXptNy42NDktNi4wNDhjLjc0MSAwIDEuMzE5LjI2OSAxLjczMi44MDYuNDE0LjUzNy42MiAxLjI5MS42MiAyLjI2MSAwIC45NzQtLjIwOSAxLjczMi0uNjI4IDIuMjc1LS40MTkuNTQyLTEuMDAxLjgxNC0xLjc0Ni44MTQtLjc1MiAwLTEuMzM2LS4yNy0xLjc1MS0uODExaC0uMDg2bC0uMjMxLjcwNGgtLjk0NVY0LjgwMWgxLjI2MnYxLjk4N2wtLjAyMS42NTUtLjAzMi41NTNoLjA1NGMuNDAxLS41OTEuOTkyLS44ODYgMS43NzItLjg4NnptLS4zMjggMS4wMzFjLS41MDggMC0uODc1LjE0OS0xLjA5OC40NDgtLjIyNC4yOTktLjMzOS43OTktLjM0NiAxLjUwMXYuMDg2YzAgLjcyMy4xMTUgMS4yNDcuMzQ0IDEuNTcxLjIyOS4zMjQuNjAzLjQ4NiAxLjEyMy40ODYuNDQ4IDAgLjc4Ny0uMTc3IDEuMDE4LS41MzIuMjMxLS4zNTQuMzQ2LS44NjcuMzQ2LTEuNTM2IDAtMS4zNS0uNDYyLTIuMDI1LTEuMzg2LTIuMDI1bC0uMDAxLjAwMXptMy4yNDQtLjkyNGgxLjM3NWwxLjIwOSAzLjM2OGMuMTgzLjQ4LjMwNC45MzEuMzY1IDEuMzU0aC4wNDNjLjAzMi0uMTk3LjA5MS0uNDM2LjE3Ny0uNzE3LjA4Ni0uMjgxLjU0MS0xLjYxNiAxLjM2NC00LjAwNGgxLjM2NGwtMi41NDEgNi43M2MtLjQ2MiAxLjIzNS0xLjIzMiAxLjg1My0yLjMxIDEuODUzLS4yNzkgMC0uNTUxLS4wMy0uODE2LS4wOTF2LS45OTljLjE5LjA0My40MDYuMDY0LjY1LjA2NC42MDkgMCAxLjAzNy0uMzUzIDEuMjg0LTEuMDU4bC4yMi0uNTU5LTIuMzg1LTUuOTQxaC4wMDF6IiBmaWxsPSIjMUQzNjU3Ii8+PC9nPjwvc3ZnPg==);
}


@media only screen and (max-width: 979px) {
  .aa-product .ajax-update-cart, .aa-product .ajax-add-to-cart-quick {
	  top: 25px !important;
  }
  .aa-product .unit_price {
	display: inline-block;
    margin-top: 25px;
  }
}

@media only screen and (min-width: 980px) {
  .aa-product .aa-product-title {
    width: 70%;
  }
}

@media only screen and (max-width: 1024px) {
  .aa-collection .aa-text, .aa-article .aa-text {
    width: 70%;
  }
}</style>
  <script src="//cdn.shopify.com/s/files/1/0206/9470/t/232/assets/algolia_facets.js?v=17757093369690454072" type="text/javascript"></script>
  <script src="//cdn.shopify.com/s/files/1/0206/9470/t/232/assets/algolia_sort_orders.js?v=11355117108078316334" type="text/javascript"></script>
  <script src="//cdn.shopify.com/s/files/1/0206/9470/t/232/assets/algolia_instant_search.js?v=15994681099865272608" type="text/javascript"></script>
  <!-- /Algolia head -->  

  <!-- Google Tag Manager -->
<script>(function(w,d,s,l,i){w[l]=w[l]||[];w[l].push({'gtm.start':
new Date().getTime(),event:'gtm.js'});var f=d.getElementsByTagName(s)[0],
j=d.createElement(s),dl=l!='dataLayer'?'&l='+l:'';j.async=true;j.src=
'https://www.googletagmanager.com/gtm.js?id='+i+dl;f.parentNode.insertBefore(j,f);
})(window,document,'script','dataLayer','GTM-TS6L2V');</script>
<!-- End Google Tag Manager --> 
<style type="text/css"></style><script type="module" defer="" src="https://cdn.shopify.com/shopifycloud/consent-tracking-api/v0.1/consent-tracking-api.js"></script><script src="https://bat.bing.com/p/action/17540320" type="text/javascript" async=""></script><style type="text/css">
        .fxo-widget-iframe {
          border: none;
          display: block;
          position: fixed;
          bottom: 15px;
          right: 0;
          z-index: 9999;
        }
        @media (min-width: 769px) {
          .fxo-widget-iframe {
            right: 10px;
          }
        }
        @media (min-width: 1025px) {
          .fxo-widget-iframe {
            bottom: 25px;
            right: 20px;
          }
        }
      </style><link href="https://cdn.shopify.com/shopifycloud/boomerang/shopify-boomerang-1.0.0.min.js" rel="preload" as="script"></head>

<body class="page-buy-beef-online-harris-farm-markets 
             template-collection
              ">
   
  <!-- Google Tag Manager (noscript) -->
<noscript><iframe src="//www.googletagmanager.com/ns.html?id=GTM-TS6L2V"
height="0" width="0" style="display:none;visibility:hidden"></iframe></noscript>
<!-- End Google Tag Manager (noscript) --> 
  <!--<script async src="https://t.cfjump.com/tag/45893"></script>-->   

  <header class="main-header">    

    <div id="promotional-text-header-div">
      <h2 class="top-promo-text">
        
          
          <span id="promo-text-1" style="display: none">FREE STANDARD DELIVERY EVERY WEDNESDAY WHEN YOU SPEND OVER $120</span>
        
          
          <span id="promo-text-2" style="display: none">NOW DELIVERING DAILY TO BRISBANE &amp; THE GOLD COAST</span>
        
          
          <span id="promo-text-3" style="">NOW DELIVERING TO THE BLUE MOUNTAINS, MAITLAND &amp; PORT STEPHENS</span>
        
          
          <span id="promo-text-4" style="display: none">ORDER BY 2PM FOR SAME DAY DELIVERY IN SELECTED AREAS</span>
        
          
          <span id="promo-text-5" style="display: none">8HR ECONOMY WINDOWS NOW AVAILABLE WITH FREE DELIVERY OVER $120</span>
        
      </h2>
    </div>
    
    <div class="row top">
            
      

      <div class="mobile-tools">
        <div><a class="glyph menu" href="" style="display: inline-block; font-size: 26px;"><div style="font-family: roboto; font-size: 12px;margin-top: 5px">Menu</div></a></div>
      </div>

      <div class="columns logo-center">
        

<h1 class="title clearfix" role="banner">
  
    <a href="/" role="banner" title="Harris Farm Markets">
      <img id="logo-image" src="//cdn.shopify.com/s/files/1/0206/9470/t/232/assets/logo.png?v=7813927398013110301" alt="Harris Farm Markets">
      <img id="logo-image-mobile" src="//cdn.shopify.com/s/files/1/0206/9470/t/232/assets/logo_mobile.png?v=10079602471092664051" alt="Harris Farm Markets">
      <img id="logo-image-mobile-iphone5" src="//cdn.shopify.com/s/files/1/0206/9470/t/232/assets/logo_mobile.png?v=10079602471092664051" alt="Harris Farm Markets">
    </a>
  
</h1>
      </div>

      <div class="mobile-tools mobile-account">

        <!-- Add "My Lists" in mobile view -->
        

        <div style="display:inline-block"><a class="postcode-open" href="#" style="display:inline-block;"><i class="fa fa-truck fa-flip-horizontal" style="font-size:24px;"></i><div><span class="postcode-text">&nbsp;</span><span aria-hidden="true" class="glyph map"></span></div></a></div>
        
        
        <div style="display:inline-block"><a href="/account" class="glyph account"></a><div>&nbsp;</div>
          
        </div>
        
        
        

        

        <div style="display:inline-block; margin-right: 10px;"><a href="/cart" class="glyph cart"></a><div id="mobilecarttotal">$0.00</div></div>
      </div>

      <div class="search-account columns">
        <div class="menu" id="top-right-menu">
  
  <span id="shopping-list-div-mobile">
    <!--<img src="//cdn.shopify.com/s/files/1/0206/9470/t/232/assets/shopping-list.png?v=10407903903464566590" style="height: 20px; padding-bottom: 2px;">-->
    <i class="fa fa-file-text"></i>
    <select id="grocery_lists" style="padding-left:0px; padding-top:0px;">
      <option></option>
    </select>    
  </span>
  
  

  
    <!--<a class="searchbar-open" href="#">Search <span aria-hidden="true" class="glyph search" style="margin-left: 0px; font-size: 12px;"></span> |</a>-->
  

  
  
    <a class="" href="/account/login">Login <span aria-hidden="true" class="glyph arrow-right"></span></a> | 
    <a class="" href="/account/register">Register <span aria-hidden="true" class="glyph account"></span></a> |
    

  
  
  <a class="postcode-open" href="#"><span class="postcode-text">Set Delivery</span><span aria-hidden="true" class="glyph map"></span>
    <i class="fa fa-truck fa-flip-horizontal" style="font-size:14.5px;"></i></a>
  
  <div id="non-mobile-delivery-details" style="display:none;">
    <div class="delivery-details" style="background-color:#F5F5F5;padding:2px;border-radius:2px">
      <img src="//cdn.shopify.com/s/files/1/0206/9470/t/232/assets/226587-48.png?v=7095077715422314212" align="left" style="width: 40px;padding-right: 5px;">
      <span class="delivery-details-text"></span>
    </div>
  </div>

</div>
  

<div class="account-container">
  
    
    
    
    

    
      <a href="/account/login" id="customer_login_link">Log in</a> or <a href="/account/register" id="customer_register_link">Sign up</a>
    
  
  <a href="#" aria-hidden="true" class="account-close glyph cross"></a>
</div>
      </div>
      
      <div class="searchbar-container">
        <form action="/search" method="get" role="search" id="headerpage-search-form">
          <input name="q" type="text" placeholder="Search for products e.g. bananas, milk, bread" class="search-box hint text aa-input" autocomplete="off" spellcheck="false" dir="auto"><pre aria-hidden="true" style="position: absolute; visibility: hidden; white-space: pre; font-family: Roboto; font-size: 14px; font-style: normal; font-variant: normal; font-weight: 400; word-spacing: 0px; letter-spacing: 0.8px; text-indent: 0px; text-rendering: auto; text-transform: none;"></pre>
          <button class="glyph search"></button>
        </form>
      </div>

      
      
    </div><!-- .row -->
    <div class="bottom-row" style="padding-top: 6px; padding-bottom: 8px;">
      <div class="row">
        <div class="columns menu-container text-center">
          

<div class="main-menu" id="top-main-menu">
  <nav role="navigation" class="widescreen clearfix">
     <ul class="font-nav">
       
      
              
       <li class="nav-item" id="shop-online">         
         <div>
         <a class="nav-item-link" href="/collections/online-specials">
           <span class="nav-item-link-text">Shop Online</span> 
         </a>
         <br>
         <div class="barrow" id="barrow-shop-online" style="display: block;">
         <img src="//cdn.shopify.com/s/files/1/0206/9470/t/232/assets/blue-ddown-arrow.png?v=7168293030143442585">
           </div>
         </div>
       </li>
       
      
              
       <li class="nav-item">         
         <div>
         <a class="nav-item-link" href="/pages/our-stores">
           <span class="nav-item-link-text">Our Stores</span> 
         </a>
         <br>
         <div class="barrow">
         <img src="//cdn.shopify.com/s/files/1/0206/9470/t/232/assets/blue-ddown-arrow.png?v=7168293030143442585">
           </div>
         </div>
       </li>
       
      
              
       <li class="nav-item" id="nav-inseason">         
         <div>
         <a class="nav-item-link" href="/collections/in-season-may">
           <span class="nav-item-link-text">In Season</span> 
         </a>
         <br>
         <div class="barrow" id="barrow-inseason">
         <img src="//cdn.shopify.com/s/files/1/0206/9470/t/232/assets/blue-ddown-arrow.png?v=7168293030143442585">
           </div>
         </div>
       </li>
       
      
              
       <li class="nav-item" id="nav-recipes">         
         <div>
         <a class="nav-item-link" href="/collections/recipes">
           <span class="nav-item-link-text">Recipes</span> 
         </a>
         <br>
         <div class="barrow" id="barrow-recipes">
         <img src="//cdn.shopify.com/s/files/1/0206/9470/t/232/assets/blue-ddown-arrow.png?v=7168293030143442585">
           </div>
         </div>
       </li>
       
      
              
       <li class="nav-item">         
         <div>
         <a class="nav-item-link" href="/blogs/all">
           <span class="nav-item-link-text">Blog</span> 
         </a>
         <br>
         <div class="barrow">
         <img src="//cdn.shopify.com/s/files/1/0206/9470/t/232/assets/blue-ddown-arrow.png?v=7168293030143442585">
           </div>
         </div>
       </li>
       
      
              
       <li class="nav-item">         
         <div>
         <a class="nav-item-link" href="/COVID19Updates" style="background-color: rgb(255, 255, 0); color: rgb(255, 0, 0);">
           <span class="nav-item-link-text" style="background-color: rgb(255, 255, 0); color: rgb(255, 0, 0);">COVID-19 UPDATE</span> 
         </a>
         <br>
         <div class="barrow">
         <img src="//cdn.shopify.com/s/files/1/0206/9470/t/232/assets/blue-ddown-arrow.png?v=7168293030143442585">
           </div>
         </div>
       </li>
       
          
    </ul>
  </nav>
</div>



<div class="main-menu" id="sub-main-menu" style="display: block;">
  <nav role="navigation" class="widescreen clearfix" style="">
    <ul class="font-nav">
      
      
      <li class="nav-item " style="display: none;">
          
          
          <a class="nav-item-link" href="/pages/favourites" id="collmenu_favourites">
            Favourites
          </a>
          
                    
          

          
          
		
          
          
          
		
          
          
          
		
          
          
          
		
          
          
          
		
          
          
          
		
          
          
          
		
          
          
          
		
          
          
          
		
          
          
          
		
          
          
          
		
          
          
          
		
          
          
          
		
          
          
          
		
          
          
          
		
          
          
          
		
          
          
          
		
          
          
          
		
          
          
          
		
          
          
          
		
          
          
          
		
          
          
          
		
          
          
          
		
          
          
          
		
          
          
          
		
          
          
          
		
          
          
          
		
          
          
          
		
          
          
          
		
          
          
          
		
          
          
          
		
          
          
          
		
          
          
          
		
          
          
          
		
          
          
          
		
          
          
          
		
          
          
          
		
          
          
          
		
          
          
          
		
          
          
          
		
          
          
          
		
          
          
          
		
          
          
          
		
          
          
          
		
          
          
          
		
          
          
          
		
          
          
          
		
          
          
          
		
          
          
          
		
          
          
          
		
          
          
          
		
          
          
          
		
          
          
          
		
          
          
          
		
          
          
          
		
          
          
          
		
          
          
          
		
          
          
          
		
          
          
          
		
          
          
          
		
          
          
          
		
          
          
          
		
          
          
          
		
          
          
          
		
          
          
          
		
          
          
          
		
          
          
          
		
          
          
          
		
          
          
          
		
          
          
          
		
          
          
          
		
          
          
          
		
          
          
          
		
          
          
          
		
          
          
          
		
          
          
          
		
          
          
          
		
          
          
          
		
          
          
          
		
          
          
          
		
          
          
          
		
          
          
          
		
          
          
          
		
          
          
          
		
          
          
          
		
          
          
          
		
          
          
          
		
          
          
          
		
          
          
          
		
          
          
          
		
          
          
          
		
          
          
          
		
          
          
          
		
          
          
          
		
          
          
          
		
          
          
          
		
          
          
          
		
          
          
          
		
          
          
          
		
          
          
          
		
          
          
          
		
          
          
          
		
          
          
          
		
          
          
          
		
          
          
          
		
          
          
          
		
          
          
          
		
          
          
          
		
          
          
          
		
          
          
          
		
          
          
          
		
          
          
          
		
          
          
          
		
          
          
          
		
          
          
          
		
          
          
          
		
          
          
          
		
          
          
          
		
          
          
          
		
          
          
          
		
          
          
          
		
          
          
          
		
          
          
          
		
          
          
          
		
          
          
          
		
          
          
          
		
          
          
          
		
          
          
          
		
          
          
          
		
          
          
          
		
          
          

          
                
          
            
          

        </li>
      
      <li class="nav-item ">
          
          
          <a class="nav-item-link" href="/collections/online-specials" id="specials-main-menu-link">
            Specials
          </a>
          
                    
          

          
          
		
          
          
          
		
          
          
          
		
          
          
          
		
          
          
          
		
          
          
          
		
          
          
          
		
          
          
          
		
          
          
          
		
          
          
          
		
          
          
          
		
          
          
          
		
          
          
          
		
          
          
          
		
          
          
          
		
          
          
          
		
          
          
          
		
          
          
          
		
          
          
          
		
          
          
          
		
          
          
          
		
          
          
          
		
          
          
          
		
          
          
          
		
          
          
          
		
          
          
          
		
          
          
          
		
          
          
          
		
          
          
          
		
          
          
          
		
          
          
          
		
          
          
          
		
          
          
          
		
          
          
          
		
          
          
          
		
          
          
          
		
          
          
          
		
          
          
          
		
          
          
          
		
          
          
          
		
          
          
          
		
          
          
          
		
          
          
          
		
          
          
          
		
          
          
          
		
          
          
          
		
          
          
          
		
          
          
          
		
          
          
          
		
          
          
          
		
          
          
          
		
          
          
          
		
          
          
          
		
          
          
          
		
          
          
          
		
          
          
          
		
          
          
          
		
          
          
          
		
          
          
          
		
          
          
          
		
          
          
          
		
          
          
          
		
          
          
          
		
          
          
          
		
          
          
          
		
          
          
          
		
          
          
          
		
          
          
          
		
          
          
          
		
          
          
          
		
          
          
          
		
          
          
          
		
          
          
          
		
          
          
          
		
          
          
          
		
          
          
          
		
          
          
          
		
          
          
          
		
          
          
          
		
          
          
          
		
          
          
          
		
          
          
          
		
          
          
          
		
          
          
          
		
          
          
          
		
          
          
          
		
          
          
          
		
          
          
          
		
          
          
          
		
          
          
          
		
          
          
          
		
          
          
          
		
          
          
          
		
          
          
          
		
          
          
          
		
          
          
          
		
          
          
          
		
          
          
          
		
          
          
          
		
          
          
          
		
          
          
          
		
          
          
          
		
          
          
          
		
          
          
          
		
          
          
          
		
          
          
          
		
          
          
          
		
          
          
          
		
          
          
          
		
          
          
          
		
          
          
          
		
          
          
          
		
          
          
          
		
          
          
          
		
          
          
          
		
          
          
          
		
          
          
          
		
          
          
          
		
          
          
          
		
          
          
          
		
          
          
          
		
          
          
          
		
          
          
          
		
          
          
          
		
          
          
          
		
          
          
          
		
          
          
          
		
          
          <div class="hover-div">
            <div class="mmContainer">                          
                   
            
               			
              <div class="mmContainer-inner">
              
              
              <div><a class="hover-link" href="/collections/fruit-and-veg-specials"><span>Fruit &amp; Veg Specials</span></a></div>
                                       
            
               			
              
              
              
              <div><a class="hover-link" href="/collections/grocery-specials"><span>Grocery Specials</span></a></div>
                                       
            
               			
              
              
              
              <div><a class="hover-link" href="/collections/fridge-specials"><span>Fridge Specials</span></a></div>
                                       
            
               			
              
              
              
              <div><a class="hover-link" href="/collections/butcher-specials"><span>Butcher Specials</span></a></div>
                                       
            
               			
              
              
              
              <div><a class="hover-link" href="/collections/seafood-specials"><span>Seafood Specials</span></a></div>
                                       
            
               			
              
              
              
              <div><a class="hover-link" href="/collections/liquor-specials"><span>Liquor Specials</span></a></div>
                                       
            
               			
              
              
              
              <div><a class="hover-link" href="/collections/online-specials"><span>All Specials</span></a></div>
                                       
                 
              </div>  
            </div>
            </div>
          
          
          
		
          
          
          
		
          
          
          
		
          
          

          
                
          
            
          

        </li>
      
      <li class="nav-item ">
          
          
          <a class="nav-item-link" href="/collections/new-products" id="collmenu_new-products">
            New
          </a>
          
                    
          

          
          
		
          
          
          
		
          
          
          
		
          
          
          
		
          
          
          
		
          
          
          
		
          
          
          
		
          
          
          
		
          
          
          
		
          
          
          
		
          
          
          
		
          
          
          
		
          
          
          
		
          
          
          
		
          
          
          
		
          
          
          
		
          
          
          
		
          
          
          
		
          
          
          
		
          
          
          
		
          
          
          
		
          
          
          
		
          
          
          
		
          
          
          
		
          
          
          
		
          
          
          
		
          
          
          
		
          
          
          
		
          
          
          
		
          
          
          
		
          
          
          
		
          
          
          
		
          
          
          
		
          
          
          
		
          
          
          
		
          
          
          
		
          
          
          
		
          
          
          
		
          
          
          
		
          
          
          
		
          
          
          
		
          
          
          
		
          
          
          
		
          
          
          
		
          
          
          
		
          
          
          
		
          
          
          
		
          
          
          
		
          
          
          
		
          
          
          
		
          
          
          
		
          
          
          
		
          
          
          
		
          
          
          
		
          
          
          
		
          
          
          
		
          
          
          
		
          
          
          
		
          
          
          
		
          
          
          
		
          
          
          
		
          
          
          
		
          
          
          
		
          
          
          
		
          
          
          
		
          
          
          
		
          
          
          
		
          
          
          
		
          
          
          
		
          
          
          
		
          
          
          
		
          
          
          
		
          
          
          
		
          
          
          
		
          
          
          
		
          
          
          
		
          
          
          
		
          
          
          
		
          
          
          
		
          
          
          
		
          
          
          
		
          
          
          
		
          
          
          
		
          
          
          
		
          
          
          
		
          
          
          
		
          
          
          
		
          
          
          
		
          
          
          
		
          
          
          
		
          
          
          
		
          
          
          
		
          
          
          
		
          
          
          
		
          
          
          
		
          
          
          
		
          
          
          
		
          
          
          
		
          
          
          
		
          
          
          
		
          
          
          
		
          
          
          
		
          
          
          
		
          
          
          
		
          
          
          
		
          
          
          
		
          
          
          
		
          
          
          
		
          
          
          
		
          
          
          
		
          
          
          
		
          
          
          
		
          
          
          
		
          
          
          
		
          
          
          
		
          
          
          
		
          
          
          
		
          
          
          
		
          
          
          
		
          
          
          
		
          
          
          
		
          
          
          
		
          
          
          
		
          
          
          
		
          
          
          
		
          
          
          
		
          
          
          
		
          
          
          
		
          
          
          
		
          
          
          
		
          
          

          
                
          
            
          

        </li>
      
      <li class="nav-item ">
          
          
          <a class="nav-item-link" href="/collections/organic" id="collmenu_organic">
            Organic
          </a>
          
                    
          

          
          
		
          
          
          
		
          
          
          
		
          
          
          
		
          
          
          
		
          
          
          
		
          
          
          
		
          
          
          
		
          
          
          
		
          
          
          
		
          
          
          
		
          
          
          
		
          
          
          
		
          
          
          
		
          
          
          
		
          
          
          
		
          
          
          
		
          
          
          
		
          
          
          
		
          
          
          
		
          
          
          
		
          
          
          
		
          
          
          
		
          
          
          
		
          
          
          
		
          
          
          
		
          
          
          
		
          
          
          
		
          
          
          
		
          
          
          
		
          
          
          
		
          
          <div class="hover-div">
            <div class="mmContainer">                          
                   
            
               			
              <div class="mmContainer-inner">
              
              
              <div><a class="hover-link" href="/collections/organic-fruit-and-veg"><span>Organic Fruit &amp; Veg</span></a></div>
                                       
            
               			
              
              
              
              <div><a class="hover-link" href="/collections/organic-pantry"><span>Organic Groceries</span></a></div>
                                       
            
               			
              
              
              
              <div><a class="hover-link" href="/collections/organic-fridge"><span>Organic Fridge</span></a></div>
                                       
            
               			
              
              
              
              <div><a class="hover-link" href="/collections/organic-meat"><span>Organic Meat</span></a></div>
                                       
            
               			
              
              
              
              <div><a class="hover-link" href="/collections/liquor-organic"><span>Organic Liquor</span></a></div>
                                       
            
               			
              
              
              
              <div><a class="hover-link" href="/collections/organic"><span>All Organic</span></a></div>
                                       
                 
              </div>  
            </div>
            </div>
          
          
          
		
          
          
          
		
          
          
          
		
          
          
          
		
          
          
          
		
          
          
          
		
          
          
          
		
          
          
          
		
          
          
          
		
          
          
          
		
          
          
          
		
          
          
          
		
          
          
          
		
          
          
          
		
          
          
          
		
          
          
          
		
          
          
          
		
          
          
          
		
          
          
          
		
          
          
          
		
          
          
          
		
          
          
          
		
          
          
          
		
          
          
          
		
          
          
          
		
          
          
          
		
          
          
          
		
          
          
          
		
          
          
          
		
          
          
          
		
          
          
          
		
          
          
          
		
          
          
          
		
          
          
          
		
          
          
          
		
          
          
          
		
          
          
          
		
          
          
          
		
          
          
          
		
          
          
          
		
          
          
          
		
          
          
          
		
          
          
          
		
          
          
          
		
          
          
          
		
          
          
          
		
          
          
          
		
          
          
          
		
          
          
          
		
          
          
          
		
          
          
          
		
          
          
          
		
          
          
          
		
          
          
          
		
          
          
          
		
          
          
          
		
          
          
          
		
          
          
          
		
          
          
          
		
          
          
          
		
          
          
          
		
          
          
          
		
          
          
          
		
          
          
          
		
          
          
          
		
          
          
          
		
          
          
          
		
          
          
          
		
          
          
          
		
          
          
          
		
          
          
          
		
          
          
          
		
          
          
          
		
          
          
          
		
          
          
          
		
          
          
          
		
          
          
          
		
          
          
          
		
          
          
          
		
          
          
          
		
          
          
          
		
          
          
          
		
          
          
          
		
          
          
          
		
          
          
          
		
          
          
          
		
          
          
          
		
          
          
          
		
          
          
          
		
          
          
          
		
          
          
          
		
          
          
          
		
          
          
          
		
          
          
          
		
          
          
          
		
          
          
          
		
          
          
          
		
          
          
          
		
          
          
          
		
          
          

          
                
          
            
          

        </li>
      
      <li class="nav-item ">
          
          
          <a class="nav-item-link" href="/collections/fruit" id="collmenu_fruit">
            Fruit
          </a>
          
                    
          

          
          
		
          
          
          
		
          
          
          
		
          
          
          
		
          
          
          
		
          
          <div class="hover-div">
            <div class="mmContainer">                          
                   
            
               			
              <div class="mmContainer-inner">
              
              
              <div><a class="hover-link" href="/collections/fruit/apples"><span>Apples</span></a></div>
                                       
            
               			
              
              
              
              <div><a class="hover-link" href="/collections/bananas"><span>Bananas</span></a></div>
                                       
            
               			
              
              
              
              <div><a class="hover-link" href="/collections/strawberries-and-other-berries"><span>Berries</span></a></div>
                                       
            
               			
              
              
              
              <div><a class="hover-link" href="/collections/citrus"><span>Citrus</span></a></div>
                                       
            
               			
              
              
              
              <div><a class="hover-link" href="/collections/grapes"><span>Grapes</span></a></div>
                                       
            
               			
              
              
              
              <div><a class="hover-link" href="/collections/imperfect-fruit"><span>Imperfect Picks</span></a></div>
                                       
            
               			
              
              
              
              <div><a class="hover-link" href="/collections/melons"><span>Melons</span></a></div>
                                       
            
               			
              
              
                   
              </div><div class="mmContainer-inner">
              <div><a class="hover-link" href="/collections/organic-fruit"><span>Organic</span></a></div>
                
                                       
            
               			
              
              
              
              <div><a class="hover-link" href="/collections/pears"><span>Pears</span></a></div>
                                       
            
               			
              
              
              
              <div><a class="hover-link" href="/collections/peaches-nectarines-and-other-stone-fruit"><span>Stone Fruits</span></a></div>
                                       
            
               			
              
              
              
              <div><a class="hover-link" href="/collections/tropical-fruit"><span>Tropical &amp; Exotic</span></a></div>
                                       
            
               			
              
              
              
              <div><a class="hover-link" href="/collections/cut-fruit"><span>Cut Fruit</span></a></div>
                                       
            
               			
              
              
              
              <div><a class="hover-link" href="/collections/harris-farm-fresh-juices"><span>Fresh Juices</span></a></div>
                                       
            
               			
              
              
              
              <div><a class="hover-link" href="/collections/wholesale-fruit"><span>Wholesale Fruit</span></a></div>
                                       
            
               			
              
              
              
              <div><a class="hover-link" href="/collections/fruit"><span>All Fruit</span></a></div>
                                       
            
               			
              
              
                   
              </div><div class="mmContainer-inner">
              <div><a class="hover-link" href="/collections/fruit-and-vegetables-boxes"><span>Fruit &amp; Veg Boxes</span></a></div>
                
                                       
            
               			
              
              
              
              <div><a class="hover-link" href="/collections/fruit-specials"><span>Fruit Specials</span></a></div>
                                       
                 
              </div>  
            </div>
            </div>
          
          
          
		
          
          
          
		
          
          
          
		
          
          
          
		
          
          
          
		
          
          
          
		
          
          
          
		
          
          
          
		
          
          
          
		
          
          
          
		
          
          
          
		
          
          
          
		
          
          
          
		
          
          
          
		
          
          
          
		
          
          
          
		
          
          
          
		
          
          
          
		
          
          
          
		
          
          
          
		
          
          
          
		
          
          
          
		
          
          
          
		
          
          
          
		
          
          
          
		
          
          
          
		
          
          
          
		
          
          
          
		
          
          
          
		
          
          
          
		
          
          
          
		
          
          
          
		
          
          
          
		
          
          
          
		
          
          
          
		
          
          
          
		
          
          
          
		
          
          
          
		
          
          
          
		
          
          
          
		
          
          
          
		
          
          
          
		
          
          
          
		
          
          
          
		
          
          
          
		
          
          
          
		
          
          
          
		
          
          
          
		
          
          
          
		
          
          
          
		
          
          
          
		
          
          
          
		
          
          
          
		
          
          
          
		
          
          
          
		
          
          
          
		
          
          
          
		
          
          
          
		
          
          
          
		
          
          
          
		
          
          
          
		
          
          
          
		
          
          
          
		
          
          
          
		
          
          
          
		
          
          
          
		
          
          
          
		
          
          
          
		
          
          
          
		
          
          
          
		
          
          
          
		
          
          
          
		
          
          
          
		
          
          
          
		
          
          
          
		
          
          
          
		
          
          
          
		
          
          
          
		
          
          
          
		
          
          
          
		
          
          
          
		
          
          
          
		
          
          
          
		
          
          
          
		
          
          
          
		
          
          
          
		
          
          
          
		
          
          
          
		
          
          
          
		
          
          
          
		
          
          
          
		
          
          
          
		
          
          
          
		
          
          
          
		
          
          
          
		
          
          
          
		
          
          
          
		
          
          
          
		
          
          
          
		
          
          
          
		
          
          
          
		
          
          
          
		
          
          
          
		
          
          
          
		
          
          
          
		
          
          
          
		
          
          
          
		
          
          
          
		
          
          
          
		
          
          
          
		
          
          
          
		
          
          
          
		
          
          
          
		
          
          
          
		
          
          
          
		
          
          
          
		
          
          
          
		
          
          
          
		
          
          
          
		
          
          
          
		
          
          
          
		
          
          
          
		
          
          
          
		
          
          
          
		
          
          
          
		
          
          

          
                
          
            
          

        </li>
      
      <li class="nav-item ">
          
          
          <a class="nav-item-link" href="/collections/vegies" id="collmenu_vegies">
            Vegies
          </a>
          
                    
          

          
          
		
          
          
          
		
          
          
          
		
          
          
          
		
          
          
          
		
          
          
          
		
          
          
          
		
          
          
          
		
          
          
          
		
          
          
          
		
          
          
          
		
          
          <div class="hover-div">
            <div class="mmContainer">                          
                   
            
               			
              <div class="mmContainer-inner">
              
              
              <div><a class="hover-link" href="/collections/asparagus-broccoli-cauliflower"><span>Asparagus, Broccoli &amp; Cauliflower</span></a></div>
                                       
            
               			
              
              
              
              <div><a class="hover-link" href="/collections/beans-peas-corn"><span>Beans, Peas &amp; Sweetcorn</span></a></div>
                                       
            
               			
              
              
              
              <div><a class="hover-link" href="/collections/beetroot-radish"><span>Beetroot &amp; Radish</span></a></div>
                                       
            
               			
              
              
              
              <div><a class="hover-link" href="/collections/capsicums"><span>Capsicums</span></a></div>
                                       
            
               			
              
              
              
              <div><a class="hover-link" href="/collections/carrots-parsnips-root-vegetables"><span>Carrots, Parsnips &amp; Root Vegetables</span></a></div>
                                       
            
               			
              
              
              
              <div><a class="hover-link" href="/collections/celery-fennel-rhubarb"><span>Celery, Fennel &amp; Rhubarb</span></a></div>
                                       
            
               			
              
              
              
              <div><a class="hover-link" href="/collections/cucumbers-eggplant"><span>Cucumber, Eggplant &amp; Zucchini</span></a></div>
                                       
            
               			
              
              
                   
              </div><div class="mmContainer-inner">
              <div><a class="hover-link" href="/collections/fresh-spices-chillies-ginger"><span>Fresh Spices, Chillies &amp; Ginger</span></a></div>
                
                                       
            
               			
              
              
              
              <div><a class="hover-link" href="/collections/imperfect-vegies"><span>Imperfect Picks</span></a></div>
                                       
            
               			
              
              
              
              <div><a class="hover-link" href="/collections/leaf-vegies"><span>Leaf Vegetables</span></a></div>
                                       
            
               			
              
              
              
              <div><a class="hover-link" href="/collections/mushrooms"><span>Mushrooms</span></a></div>
                                       
            
               			
              
              
              
              <div><a class="hover-link" href="/collections/onions-leeks-garlic"><span>Onions, Leeks &amp; Garlic</span></a></div>
                                       
            
               			
              
              
              
              <div><a class="hover-link" href="/collections/potatoes_kumera-sweet-potatoes"><span>Potatoes, Kumera &amp; Sweet Potatoes</span></a></div>
                                       
            
               			
              
              
              
              <div><a class="hover-link" href="/collections/pumpkins"><span>Pumpkins &amp; Squash</span></a></div>
                                       
            
               			
              
              
              
              <div><a class="hover-link" href="/collections/tomatoes"><span>Tomatoes</span></a></div>
                                       
            
               			
              
              
                   
              </div><div class="mmContainer-inner">
              <div><a class="hover-link" href="/collections/organic-vegies"><span>Organic</span></a></div>
                
                                       
            
               			
              
              
              
              <div><a class="hover-link" href="/collections/ready-to-cook-eat"><span>Cut Veg + Salads</span></a></div>
                                       
            
               			
              
              
              
              <div><a class="hover-link" href="/collections/wholesale-vegetables"><span>Wholesale Vegetables</span></a></div>
                                       
            
               			
              
              
              
              <div><a class="hover-link" href="/collections/vegies"><span>All Vegetables</span></a></div>
                                       
            
               			
              
              
              
              <div><a class="hover-link" href="/collections/fruit-and-vegetables-boxes"><span>Fruit &amp; Veg Boxes</span></a></div>
                                       
            
               			
              
              
              
              <div><a class="hover-link" href="/collections/vegies-specials"><span>Vegies Specials</span></a></div>
                                       
                 
              </div>  
            </div>
            </div>
          
          
          
		
          
          
          
		
          
          
          
		
          
          
          
		
          
          
          
		
          
          
          
		
          
          
          
		
          
          
          
		
          
          
          
		
          
          
          
		
          
          
          
		
          
          
          
		
          
          
          
		
          
          
          
		
          
          
          
		
          
          
          
		
          
          
          
		
          
          
          
		
          
          
          
		
          
          
          
		
          
          
          
		
          
          
          
		
          
          
          
		
          
          
          
		
          
          
          
		
          
          
          
		
          
          
          
		
          
          
          
		
          
          
          
		
          
          
          
		
          
          
          
		
          
          
          
		
          
          
          
		
          
          
          
		
          
          
          
		
          
          
          
		
          
          
          
		
          
          
          
		
          
          
          
		
          
          
          
		
          
          
          
		
          
          
          
		
          
          
          
		
          
          
          
		
          
          
          
		
          
          
          
		
          
          
          
		
          
          
          
		
          
          
          
		
          
          
          
		
          
          
          
		
          
          
          
		
          
          
          
		
          
          
          
		
          
          
          
		
          
          
          
		
          
          
          
		
          
          
          
		
          
          
          
		
          
          
          
		
          
          
          
		
          
          
          
		
          
          
          
		
          
          
          
		
          
          
          
		
          
          
          
		
          
          
          
		
          
          
          
		
          
          
          
		
          
          
          
		
          
          
          
		
          
          
          
		
          
          
          
		
          
          
          
		
          
          
          
		
          
          
          
		
          
          
          
		
          
          
          
		
          
          
          
		
          
          
          
		
          
          
          
		
          
          
          
		
          
          
          
		
          
          
          
		
          
          
          
		
          
          
          
		
          
          
          
		
          
          
          
		
          
          
          
		
          
          
          
		
          
          
          
		
          
          
          
		
          
          
          
		
          
          
          
		
          
          
          
		
          
          
          
		
          
          
          
		
          
          
          
		
          
          
          
		
          
          
          
		
          
          
          
		
          
          
          
		
          
          
          
		
          
          
          
		
          
          
          
		
          
          
          
		
          
          
          
		
          
          
          
		
          
          
          
		
          
          
          
		
          
          
          
		
          
          
          
		
          
          
          
		
          
          
          
		
          
          
          
		
          
          
          
		
          
          
          
		
          
          
          
		
          
          
          
		
          
          

          
                
          
            
          

        </li>
      
      <li class="nav-item ">
          
          
          <a class="nav-item-link" href="/collections/groceries" id="collmenu_groceries">
            Grocery
          </a>
          
                    
          

          
          
		
          
          
          
		
          
          
          
		
          
          <div class="hover-div">
            <div class="mmContainer">                          
                   
            
               			
              <div class="mmContainer-inner">
              
              
              <div><a class="hover-link" href="/collections/groceries/Antipasti"><span>Antipasti &amp; Pickled Veg</span></a></div>
                                       
            
               			
              
              
              
              <div><a class="hover-link" href="/collections/groceries/Asian-Ingredients"><span>International Foods</span></a></div>
                                       
            
               			
              
              
              
              <div><a class="hover-link" href="/collections/bakery"><span>Bakery</span></a></div>
                                       
            
               			
              
              
              
              <div><a class="hover-link" href="/collections/biscuits-and-cookies"><span>Biscuits &amp; Cookies</span></a></div>
                                       
            
               			
              
              
              
              <div><a class="hover-link" href="/collections/crackers-and-flatbreads"><span>Crackers &amp; Flatbreads</span></a></div>
                                       
            
               			
              
              
              
              <div><a class="hover-link" href="/collections/breakfast-cereal"><span>Breakfast</span></a></div>
                                       
            
               			
              
              
              
              <div><a class="hover-link" href="/collections/canned-fish"><span>Canned Fish</span></a></div>
                                       
            
               			
              
              
                   
              </div><div class="mmContainer-inner">
              <div><a class="hover-link" href="/collections/canned-fruit-veg"><span>Canned Fruit &amp; Veg</span></a></div>
                
                                       
            
               			
              
              
              
              <div><a class="hover-link" href="/collections/confection"><span>Snacks &amp; Confectionery</span></a></div>
                                       
            
               			
              
              
              
              <div><a class="hover-link" href="/collections/coffee-tea"><span>Tea &amp; Coffee</span></a></div>
                                       
            
               			
              
              
              
              <div><a class="hover-link" href="/collections/drinks-exclude-milk"><span>Drinks</span></a></div>
                                       
            
               			
              
              
              
              <div><a class="hover-link" href="/collections/grocery-mixers-and-alcohol-free"><span>Mixers and Alcohol Free</span></a></div>
                                       
            
               			
              
              
              
              <div><a class="hover-link" href="/collections/long-life-milk"><span>Long Life Milk</span></a></div>
                                       
            
               			
              
              
              
              <div><a class="hover-link" href="/collections/cooking-essentials"><span>Cooking Essentials</span></a></div>
                                       
            
               			
              
              
              
              <div><a class="hover-link" href="/collections/eggs-1"><span>Eggs</span></a></div>
                                       
            
               			
              
              
                   
              </div><div class="mmContainer-inner">
              <div><a class="hover-link" href="/collections/herbs-spices-dried"><span>Herbs &amp; Spices</span></a></div>
                
                                       
            
               			
              
              
              
              <div><a class="hover-link" href="/collections/spreads-grocery"><span>Spreads</span></a></div>
                                       
            
               			
              
              
              
              <div><a class="hover-link" href="/collections/kids-grocery"><span>Kids</span></a></div>
                                       
            
               			
              
              
              
              <div><a class="hover-link" href="/collections/nuts-mixes-seeds"><span>Nuts, Seeds &amp; Dried Fruits</span></a></div>
                                       
            
               			
              
              
              
              <div><a class="hover-link" href="/collections/pasta-pasta-sauces"><span>Pasta &amp; Pasta Sauces</span></a></div>
                                       
            
               			
              
              
              
              <div><a class="hover-link" href="/collections/rice-noodle-cous-cous-and-quinoa"><span>Rice, Noodles &amp; Grains</span></a></div>
                                       
            
               			
              
              
              
              <div><a class="hover-link" href="/collections/condiments-1"><span>Condiments</span></a></div>
                                       
            
               			
              
              
              
              <div><a class="hover-link" href="/collections/health-foods"><span>Health Foods</span></a></div>
                                       
            
               			
              
              
                   
              </div><div class="mmContainer-inner">
              <div><a class="hover-link" href="/collections/personal-hygiene"><span>Personal Care</span></a></div>
                
                                       
            
               			
              
              
              
              <div><a class="hover-link" href="/collections/home-essentials"><span>Home Essentials</span></a></div>
                                       
            
               			
              
              
              
              <div><a class="hover-link" href="/collections/grocery-gluten-free"><span>Gluten Free</span></a></div>
                                       
            
               			
              
              
              
              <div><a class="hover-link" href="/collections/regen-products-grocery"><span>Regen</span></a></div>
                                       
            
               			
              
              
              
              <div><a class="hover-link" href="/collections/plastic-free"><span>Plastic Free</span></a></div>
                                       
            
               			
              
              
              
              <div><a class="hover-link" href="/collections/groceries/Kosher"><span>Kosher</span></a></div>
                                       
            
               			
              
              
              
              <div><a class="hover-link" href="/collections/groceries"><span>All Grocery</span></a></div>
                                       
            
               			
              
              
              
              <div><a class="hover-link" href="/collections/grocery-specials"><span>Grocery Specials</span></a></div>
                                       
                 
              </div>  
            </div>
            </div>
          
          
          
		
          
          
          
		
          
          
          
		
          
          
          
		
          
          
          
		
          
          
          
		
          
          
          
		
          
          
          
		
          
          
          
		
          
          
          
		
          
          
          
		
          
          
          
		
          
          
          
		
          
          
          
		
          
          
          
		
          
          
          
		
          
          
          
		
          
          
          
		
          
          
          
		
          
          
          
		
          
          
          
		
          
          
          
		
          
          
          
		
          
          
          
		
          
          
          
		
          
          
          
		
          
          
          
		
          
          
          
		
          
          
          
		
          
          
          
		
          
          
          
		
          
          
          
		
          
          
          
		
          
          
          
		
          
          
          
		
          
          
          
		
          
          
          
		
          
          
          
		
          
          
          
		
          
          
          
		
          
          
          
		
          
          
          
		
          
          
          
		
          
          
          
		
          
          
          
		
          
          
          
		
          
          
          
		
          
          
          
		
          
          
          
		
          
          
          
		
          
          
          
		
          
          
          
		
          
          
          
		
          
          
          
		
          
          
          
		
          
          
          
		
          
          
          
		
          
          
          
		
          
          
          
		
          
          
          
		
          
          
          
		
          
          
          
		
          
          
          
		
          
          
          
		
          
          
          
		
          
          
          
		
          
          
          
		
          
          
          
		
          
          
          
		
          
          
          
		
          
          
          
		
          
          
          
		
          
          
          
		
          
          
          
		
          
          
          
		
          
          
          
		
          
          
          
		
          
          
          
		
          
          
          
		
          
          
          
		
          
          
          
		
          
          
          
		
          
          
          
		
          
          
          
		
          
          
          
		
          
          
          
		
          
          
          
		
          
          
          
		
          
          
          
		
          
          
          
		
          
          
          
		
          
          
          
		
          
          
          
		
          
          
          
		
          
          
          
		
          
          
          
		
          
          
          
		
          
          
          
		
          
          
          
		
          
          
          
		
          
          
          
		
          
          
          
		
          
          
          
		
          
          
          
		
          
          
          
		
          
          
          
		
          
          
          
		
          
          
          
		
          
          
          
		
          
          
          
		
          
          
          
		
          
          
          
		
          
          
          
		
          
          
          
		
          
          
          
		
          
          
          
		
          
          
          
		
          
          
          
		
          
          
          
		
          
          
          
		
          
          
          
		
          
          
          
		
          
          
          
		
          
          
          
		
          
          
          
		
          
          
          
		
          
          
          
		
          
          

          
                
          
            
          

        </li>
      
      <li class="nav-item ">
          
          
          <a class="nav-item-link" href="/collections/fridge" id="collmenu_fridge">
            Fridge
          </a>
          
                    
          

          
          
		
          
          
          
		
          
          
          
		
          
          
          
		
          
          
          
		
          
          
          
		
          
          <div class="hover-div">
            <div class="mmContainer">                          
                   
            
               			
              <div class="mmContainer-inner">
              
              
              <div><a class="hover-link" href="/collections/butter"><span>Butter</span></a></div>
                                       
            
               			
              
              
              
              <div><a class="hover-link" href="/collections/cheese"><span>Cheese</span></a></div>
                                       
            
               			
              
              
              
              <div><a class="hover-link" href="/collections/eggs-1"><span>Eggs</span></a></div>
                                       
            
               			
              
              
              
              <div><a class="hover-link" href="/collections/milk"><span>Milk</span></a></div>
                                       
            
               			
              
              
              
              <div><a class="hover-link" href="/collections/yoghurt"><span>Yoghurt</span></a></div>
                                       
            
               			
              
              
              
              <div><a class="hover-link" href="/collections/asian-specialty-fridge"><span>Asian Specialty</span></a></div>
                                       
            
               			
              
              
              
              <div><a class="hover-link" href="/collections/deli-meats"><span>Deli</span></a></div>
                                       
            
               			
              
              
                   
              </div><div class="mmContainer-inner">
              <div><a class="hover-link" href="/collections/dessert"><span>Desserts</span></a></div>
                
                                       
            
               			
              
              
              
              <div><a class="hover-link" href="/collections/deli-dips"><span>Dips, Pate &amp; Antipasti</span></a></div>
                                       
            
               			
              
              
              
              <div><a class="hover-link" href="/collections/drinks-and-juices"><span>Drinks &amp; Juices</span></a></div>
                                       
            
               			
              
              
              
              <div><a class="hover-link" href="/collections/entertaining-bundles"><span>Entertaining Bundles</span></a></div>
                                       
            
               			
              
              
              
              <div><a class="hover-link" href="/collections/fermented-pickles"><span>Fermented &amp; Pickles</span></a></div>
                                       
            
               			
              
              
              
              <div><a class="hover-link" href="/collections/fridge-gluten-free"><span>Gluten Free</span></a></div>
                                       
            
               			
              
              
              
              <div><a class="hover-link" href="/collections/ready-to-eat"><span>Ready to Eat</span></a></div>
                                       
            
               			
              
              
              
              <div><a class="hover-link" href="/collections/fridge-vegan-range"><span>Vegan</span></a></div>
                                       
            
               			
              
              
                   
              </div><div class="mmContainer-inner">
              <div><a class="hover-link" href="/collections/regen-products-fridge"><span>Regen</span></a></div>
                
                                       
            
               			
              
              
              
              <div><a class="hover-link" href="/collections/fridge-collection/Kosher"><span>Kosher</span></a></div>
                                       
            
               			
              
              
              
              <div><a class="hover-link" href="/collections/fridge"><span>All Fridge</span></a></div>
                                       
            
               			
              
              
              
              <div><a class="hover-link" href="/collections/fridge-specials"><span>Fridge Specials</span></a></div>
                                       
                 
              </div>  
            </div>
            </div>
          
          
          
		
          
          
          
		
          
          
          
		
          
          
          
		
          
          
          
		
          
          
          
		
          
          
          
		
          
          
          
		
          
          
          
		
          
          
          
		
          
          
          
		
          
          
          
		
          
          
          
		
          
          
          
		
          
          
          
		
          
          
          
		
          
          
          
		
          
          
          
		
          
          
          
		
          
          
          
		
          
          
          
		
          
          
          
		
          
          
          
		
          
          
          
		
          
          
          
		
          
          
          
		
          
          
          
		
          
          
          
		
          
          
          
		
          
          
          
		
          
          
          
		
          
          
          
		
          
          
          
		
          
          
          
		
          
          
          
		
          
          
          
		
          
          
          
		
          
          
          
		
          
          
          
		
          
          
          
		
          
          
          
		
          
          
          
		
          
          
          
		
          
          
          
		
          
          
          
		
          
          
          
		
          
          
          
		
          
          
          
		
          
          
          
		
          
          
          
		
          
          
          
		
          
          
          
		
          
          
          
		
          
          
          
		
          
          
          
		
          
          
          
		
          
          
          
		
          
          
          
		
          
          
          
		
          
          
          
		
          
          
          
		
          
          
          
		
          
          
          
		
          
          
          
		
          
          
          
		
          
          
          
		
          
          
          
		
          
          
          
		
          
          
          
		
          
          
          
		
          
          
          
		
          
          
          
		
          
          
          
		
          
          
          
		
          
          
          
		
          
          
          
		
          
          
          
		
          
          
          
		
          
          
          
		
          
          
          
		
          
          
          
		
          
          
          
		
          
          
          
		
          
          
          
		
          
          
          
		
          
          
          
		
          
          
          
		
          
          
          
		
          
          
          
		
          
          
          
		
          
          
          
		
          
          
          
		
          
          
          
		
          
          
          
		
          
          
          
		
          
          
          
		
          
          
          
		
          
          
          
		
          
          
          
		
          
          
          
		
          
          
          
		
          
          
          
		
          
          
          
		
          
          
          
		
          
          
          
		
          
          
          
		
          
          
          
		
          
          
          
		
          
          
          
		
          
          
          
		
          
          
          
		
          
          
          
		
          
          
          
		
          
          
          
		
          
          
          
		
          
          
          
		
          
          
          
		
          
          
          
		
          
          
          
		
          
          
          
		
          
          
          
		
          
          
          
		
          
          
          
		
          
          
          
		
          
          

          
                
          
            
          

        </li>
      
      <li class="nav-item ">
          
          
          <a class="nav-item-link" href="/collections/butcher" id="collmenu_butcher">
            Butcher
          </a>
          
                    
          

          
          
		
          
          
          
		
          
          
          
		
          
          
          
		
          
          
          
		
          
          
          
		
          
          
          
		
          
          
          
		
          
          
          
		
          
          
          
		
          
          <div class="hover-div">
            <div class="mmContainer">                          
                   
            
               			
              <div class="mmContainer-inner">
              
              
              <div><a class="hover-link" href="/collections/beef"><span>Beef</span></a></div>
                                       
            
               			
              
              
              
              <div><a class="hover-link" href="/collections/chicken-other-poultry"><span>Chicken</span></a></div>
                                       
            
               			
              
              
              
              <div><a class="hover-link" href="/collections/lamb"><span>Lamb</span></a></div>
                                       
            
               			
              
              
              
              <div><a class="hover-link" href="/collections/pork"><span>Pork</span></a></div>
                                       
            
               			
              
              
              
              <div><a class="hover-link" href="/collections/bbq-sausages-mince"><span>Burgers &amp; Sausages</span></a></div>
                                       
            
               			
              
              
              
              <div><a class="hover-link" href="/collections/deli-meats"><span>Deli</span></a></div>
                                       
            
               			
              
              
              
              <div><a class="hover-link" href="/collections/kangaroo"><span>Game Meats</span></a></div>
                                       
            
               			
              
              
                   
              </div><div class="mmContainer-inner">
              <div><a class="hover-link" href="/collections/mince"><span>Mince</span></a></div>
                
                                       
            
               			
              
              
              
              <div><a class="hover-link" href="/collections/organic-meats"><span>Organics Meats</span></a></div>
                                       
            
               			
              
              
              
              <div><a class="hover-link" href="/collections/curious-cuts"><span>Curious Cuts</span></a></div>
                                       
            
               			
              
              
              
              <div><a class="hover-link" href="/collections/everyday-market-value"><span>Everyday Market Value</span></a></div>
                                       
            
               			
              
              
              
              <div><a class="hover-link" href="/collections/regen-products-butcher"><span>Regen</span></a></div>
                                       
            
               			
              
              
              
              <div><a class="hover-link" href="/collections/butcher"><span>All Butcher</span></a></div>
                                       
            
               			
              
              
              
              <div><a class="hover-link" href="/collections/butcher-specials"><span>Butcher Specials</span></a></div>
                                       
                 
              </div>  
            </div>
            </div>
          
          
          
		
          
          
          
		
          
          
          
		
          
          
          
		
          
          
          
		
          
          
          
		
          
          
          
		
          
          
          
		
          
          
          
		
          
          
          
		
          
          
          
		
          
          
          
		
          
          
          
		
          
          
          
		
          
          
          
		
          
          
          
		
          
          
          
		
          
          
          
		
          
          
          
		
          
          
          
		
          
          
          
		
          
          
          
		
          
          
          
		
          
          
          
		
          
          
          
		
          
          
          
		
          
          
          
		
          
          
          
		
          
          
          
		
          
          
          
		
          
          
          
		
          
          
          
		
          
          
          
		
          
          
          
		
          
          
          
		
          
          
          
		
          
          
          
		
          
          
          
		
          
          
          
		
          
          
          
		
          
          
          
		
          
          
          
		
          
          
          
		
          
          
          
		
          
          
          
		
          
          
          
		
          
          
          
		
          
          
          
		
          
          
          
		
          
          
          
		
          
          
          
		
          
          
          
		
          
          
          
		
          
          
          
		
          
          
          
		
          
          
          
		
          
          
          
		
          
          
          
		
          
          
          
		
          
          
          
		
          
          
          
		
          
          
          
		
          
          
          
		
          
          
          
		
          
          
          
		
          
          
          
		
          
          
          
		
          
          
          
		
          
          
          
		
          
          
          
		
          
          
          
		
          
          
          
		
          
          
          
		
          
          
          
		
          
          
          
		
          
          
          
		
          
          
          
		
          
          
          
		
          
          
          
		
          
          
          
		
          
          
          
		
          
          
          
		
          
          
          
		
          
          
          
		
          
          
          
		
          
          
          
		
          
          
          
		
          
          
          
		
          
          
          
		
          
          
          
		
          
          
          
		
          
          
          
		
          
          
          
		
          
          
          
		
          
          
          
		
          
          
          
		
          
          
          
		
          
          
          
		
          
          
          
		
          
          
          
		
          
          
          
		
          
          
          
		
          
          
          
		
          
          
          
		
          
          
          
		
          
          
          
		
          
          
          
		
          
          
          
		
          
          
          
		
          
          
          
		
          
          
          
		
          
          
          
		
          
          
          
		
          
          
          
		
          
          
          
		
          
          
          
		
          
          
          
		
          
          
          
		
          
          
          
		
          
          
          
		
          
          

          
                
          
            
          

        </li>
      
      <li class="nav-item ">
          
          
          <a class="nav-item-link" href="/collections/seafood" id="collmenu_seafood">
            Seafood
          </a>
          
                    
          

          
          
		
          
          
          
		
          
          
          
		
          
          
          
		
          
          
          
		
          
          
          
		
          
          
          
		
          
          
          
		
          
          
          
		
          
          
          
		
          
          
          
		
          
          
          
		
          
          
          
		
          
          
          
		
          
          
          
		
          
          
          
		
          
          
          
		
          
          
          
		
          
          
          
		
          
          
          
		
          
          
          
		
          
          
          
		
          
          
          
		
          
          
          
		
          
          
          
		
          
          
          
		
          
          
          
		
          
          
          
		
          
          
          
		
          
          
          
		
          
          
          
		
          
          
          
		
          
          
          
		
          
          
          
		
          
          
          
		
          
          
          
		
          
          
          
		
          
          
          
		
          
          
          
		
          
          
          
		
          
          
          
		
          
          
          
		
          
          
          
		
          
          
          
		
          
          
          
		
          
          
          
		
          
          
          
		
          
          
          
		
          
          
          
		
          
          
          
		
          
          
          
		
          
          
          
		
          
          
          
		
          
          
          
		
          
          
          
		
          
          
          
		
          
          
          
		
          
          
          
		
          
          
          
		
          
          
          
		
          
          
          
		
          
          
          
		
          
          
          
		
          
          
          
		
          
          
          
		
          
          
          
		
          
          
          
		
          
          
          
		
          
          
          
		
          
          
          
		
          
          
          
		
          
          
          
		
          
          
          
		
          
          
          
		
          
          
          
		
          
          
          
		
          
          
          
		
          
          
          
		
          
          
          
		
          
          
          
		
          
          
          
		
          
          
          
		
          
          
          
		
          
          
          
		
          
          
          
		
          
          
          
		
          
          
          
		
          
          
          
		
          
          
          
		
          
          
          
		
          
          
          
		
          
          
          
		
          
          
          
		
          
          
          
		
          
          
          
		
          
          
          
		
          
          
          
		
          
          
          
		
          
          
          
		
          
          
          
		
          
          
          
		
          
          
          
		
          
          
          
		
          
          
          
		
          
          
          
		
          
          
          
		
          
          
          
		
          
          
          
		
          
          
          
		
          
          
          
		
          
          
          
		
          
          
          
		
          
          
          
		
          
          
          
		
          
          
          
		
          
          
          
		
          
          
          
		
          
          
          
		
          
          
          
		
          
          
          
		
          
          
          
		
          
          <div class="hover-div">
            <div class="mmContainer">                          
                   
            
               			
              <div class="mmContainer-inner">
              
              
              <div><a class="hover-link" href="/collections/fresh-fish"><span>Fresh Fish</span></a></div>
                                       
            
               			
              
              
              
              <div><a class="hover-link" href="/collections/sydney-fresh-seafood"><span>Sydney Fresh Seafood</span></a></div>
                                       
            
               			
              
              
              
              <div><a class="hover-link" href="/collections/salmon-trout"><span>Smoked Seafood</span></a></div>
                                       
            
               			
              
              
              
              <div><a class="hover-link" href="/collections/crustaceans-shellfish"><span>Crustaceans &amp; Shellfish</span></a></div>
                                       
            
               			
              
              
              
              <div><a class="hover-link" href="/collections/calamari-mixed-seafood"><span>Calamari &amp; Mixed Seafood</span></a></div>
                                       
            
               			
              
              
              
              <div><a class="hover-link" href="/collections/seafood/Kosher"><span>Kosher </span></a></div>
                                       
            
               			
              
              
              
              <div><a class="hover-link" href="/collections/seafood"><span>All Seafood</span></a></div>
                                       
            
               			
              
              
                   
              </div><div class="mmContainer-inner">
              <div><a class="hover-link" href="/collections/seafood-specials"><span>Seafood Specials</span></a></div>
                
                                       
                 
              </div>  
            </div>
            </div>
          
          
          
		
          
          
          
		
          
          
          
		
          
          
          
		
          
          
          
		
          
          
          
		
          
          
          
		
          
          
          
		
          
          
          
		
          
          

          
                
          
            
          

        </li>
      
      <li class="nav-item ">
          
          
          <a class="nav-item-link" href="/collections/liquor" id="collmenu_liquor">
            Liquor
          </a>
          
                    
          

          
          
		
          
          
          
		
          
          
          
		
          
          
          
		
          
          
          
		
          
          
          
		
          
          
          
		
          
          
          
		
          
          
          
		
          
          
          
		
          
          
          
		
          
          
          
		
          
          
          
		
          
          
          
		
          
          
          
		
          
          
          
		
          
          
          
		
          
          
          
		
          
          
          
		
          
          
          
		
          
          
          
		
          
          
          
		
          
          
          
		
          
          
          
		
          
          
          
		
          
          
          
		
          
          
          
		
          
          
          
		
          
          
          
		
          
          
          
		
          
          
          
		
          
          
          
		
          
          
          
		
          
          
          
		
          
          
          
		
          
          
          
		
          
          
          
		
          
          
          
		
          
          
          
		
          
          
          
		
          
          
          
		
          
          
          
		
          
          
          
		
          
          
          
		
          
          
          
		
          
          
          
		
          
          
          
		
          
          
          
		
          
          
          
		
          
          
          
		
          
          
          
		
          
          
          
		
          
          
          
		
          
          
          
		
          
          
          
		
          
          
          
		
          
          
          
		
          
          
          
		
          
          
          
		
          
          
          
		
          
          
          
		
          
          
          
		
          
          
          
		
          
          
          
		
          
          
          
		
          
          
          
		
          
          
          
		
          
          
          
		
          
          
          
		
          
          
          
		
          
          
          
		
          
          
          
		
          
          
          
		
          
          
          
		
          
          
          
		
          
          
          
		
          
          
          
		
          
          
          
		
          
          
          
		
          
          
          
		
          
          
          
		
          
          
          
		
          
          
          
		
          
          
          
		
          
          
          
		
          
          
          
		
          
          
          
		
          
          
          
		
          
          
          
		
          
          
          
		
          
          
          
		
          
          
          
		
          
          
          
		
          
          
          
		
          
          
          
		
          
          
          
		
          
          
          
		
          
          
          
		
          
          
          
		
          
          
          
		
          
          
          
		
          
          
          
		
          
          
          
		
          
          
          
		
          
          
          
		
          
          
          
		
          
          
          
		
          
          
          
		
          
          
          
		
          
          
          
		
          
          
          
		
          
          
          
		
          
          
          
		
          
          
          
		
          
          
          
		
          
          
          
		
          
          
          
		
          
          
          
		
          
          
          
		
          
          
          
		
          
          
          
		
          
          
          
		
          
          
          
		
          
          <div class="hover-div">
            <div class="mmContainer">                          
                   
            
               			
              <div class="mmContainer-inner">
              
              
              <div><a class="hover-link" href="/collections/beer-and-cider"><span>Beer and Cider</span></a></div>
                                       
            
               			
              
              
              
              <div><a class="hover-link" href="/collections/white-wine"><span>White Wine</span></a></div>
                                       
            
               			
              
              
              
              <div><a class="hover-link" href="/collections/red-wine"><span>Red Wine</span></a></div>
                                       
            
               			
              
              
              
              <div><a class="hover-link" href="/collections/rose-wine"><span>Ros Wine</span></a></div>
                                       
            
               			
              
              
              
              <div><a class="hover-link" href="/collections/natural-wines-continental-platter"><span>Natural Wines</span></a></div>
                                       
            
               			
              
              
              
              <div><a class="hover-link" href="/collections/champagne-and-sparkling"><span>Champagne and Sparkling</span></a></div>
                                       
            
               			
              
              
              
              <div><a class="hover-link" href="/collections/fortified-wine"><span>Fortified Wine</span></a></div>
                                       
            
               			
              
              
                   
              </div><div class="mmContainer-inner">
              <div><a class="hover-link" href="/collections/spirits"><span>Spirits</span></a></div>
                
                                       
            
               			
              
              
              
              <div><a class="hover-link" href="/collections/premixed"><span>Premixed</span></a></div>
                                       
            
               			
              
              
              
              <div><a class="hover-link" href="/collections/liquor-mixers-and-alcohol-free"><span>Mixers and Alcohol Free</span></a></div>
                                       
            
               			
              
              
              
              <div><a class="hover-link" href="/collections/liquor-organic"><span>Organic</span></a></div>
                                       
            
               			
              
              
              
              <div><a class="hover-link" href="/collections/liquor-bundle"><span>Liquor Bundles</span></a></div>
                                       
            
               			
              
              
              
              <div><a class="hover-link" href="/collections/liquor-case-sale"><span>Liquor Cases</span></a></div>
                                       
            
               			
              
              
              
              <div><a class="hover-link" href="/collections/liquor"><span>All Liquor</span></a></div>
                                       
            
               			
              
              
              
              <div><a class="hover-link" href="/collections/liquor-specials"><span>Liquor Specials</span></a></div>
                                       
                 
              </div>  
            </div>
            </div>
          
          
          
		
          
          
          
		
          
          
          
		
          
          
          
		
          
          
          
		
          
          
          
		
          
          
          
		
          
          

          
                
          
            
          

        </li>
      
      <li class="nav-item ">
          
          
          <a class="nav-item-link" href="/collections/value-boxes" id="collmenu_value-boxes">
            Value Boxes
          </a>
          
                    
          

          
          
		
          
          
          
		
          
          
          
		
          
          
          
		
          
          
          
		
          
          
          
		
          
          
          
		
          
          
          
		
          
          
          
		
          
          
          
		
          
          
          
		
          
          
          
		
          
          
          
		
          
          
          
		
          
          
          
		
          
          
          
		
          
          
          
		
          
          
          
		
          
          
          
		
          
          
          
		
          
          
          
		
          
          
          
		
          
          
          
		
          
          
          
		
          
          
          
		
          
          
          
		
          
          
          
		
          
          
          
		
          
          
          
		
          
          
          
		
          
          
          
		
          
          
          
		
          
          
          
		
          
          
          
		
          
          
          
		
          
          
          
		
          
          
          
		
          
          
          
		
          
          
          
		
          
          
          
		
          
          
          
		
          
          
          
		
          
          
          
		
          
          
          
		
          
          
          
		
          
          
          
		
          
          
          
		
          
          
          
		
          
          
          
		
          
          
          
		
          
          
          
		
          
          
          
		
          
          
          
		
          
          
          
		
          
          
          
		
          
          
          
		
          
          
          
		
          
          
          
		
          
          
          
		
          
          
          
		
          
          
          
		
          
          
          
		
          
          
          
		
          
          
          
		
          
          
          
		
          
          
          
		
          
          
          
		
          
          
          
		
          
          
          
		
          
          
          
		
          
          
          
		
          
          
          
		
          
          
          
		
          
          
          
		
          
          
          
		
          
          
          
		
          
          
          
		
          
          
          
		
          
          
          
		
          
          
          
		
          
          
          
		
          
          
          
		
          
          
          
		
          
          
          
		
          
          
          
		
          
          
          
		
          
          
          
		
          
          
          
		
          
          
          
		
          
          
          
		
          
          
          
		
          
          
          
		
          
          
          
		
          
          
          
		
          
          
          
		
          
          
          
		
          
          
          
		
          
          
          
		
          
          
          
		
          
          
          
		
          
          
          
		
          
          
          
		
          
          
          
		
          
          
          
		
          
          
          
		
          
          
          
		
          
          
          
		
          
          
          
		
          
          
          
		
          
          
          
		
          
          
          
		
          
          
          
		
          
          
          
		
          
          
          
		
          
          
          
		
          
          
          
		
          
          
          
		
          
          
          
		
          
          
          
		
          
          
          
		
          
          
          
		
          
          
          
		
          
          
          
		
          
          
          
		
          
          
          
		
          
          
          
		
          
          
          
		
          
          
          
		
          
          
          
		
          
          
          
		
          
          

          
                
          
            
          

        </li>
      
      <li class="nav-item ">
          
          
          <a class="nav-item-link" href="/collections/ready-to-cook" id="collmenu_ready-to-cook">
            Ready to Cook
          </a>
          
                    
          

          
          
		
          
          
          
		
          
          
          
		
          
          
          
		
          
          
          
		
          
          
          
		
          
          
          
		
          
          
          
		
          
          
          
		
          
          
          
		
          
          
          
		
          
          
          
		
          
          
          
		
          
          
          
		
          
          
          
		
          
          
          
		
          
          
          
		
          
          
          
		
          
          
          
		
          
          
          
		
          
          
          
		
          
          
          
		
          
          
          
		
          
          
          
		
          
          
          
		
          
          
          
		
          
          
          
		
          
          
          
		
          
          
          
		
          
          
          
		
          
          
          
		
          
          
          
		
          
          
          
		
          
          
          
		
          
          
          
		
          
          
          
		
          
          
          
		
          
          
          
		
          
          
          
		
          
          
          
		
          
          
          
		
          
          
          
		
          
          
          
		
          
          
          
		
          
          
          
		
          
          
          
		
          
          
          
		
          
          
          
		
          
          
          
		
          
          
          
		
          
          
          
		
          
          
          
		
          
          
          
		
          
          
          
		
          
          
          
		
          
          
          
		
          
          
          
		
          
          
          
		
          
          
          
		
          
          
          
		
          
          
          
		
          
          
          
		
          
          
          
		
          
          
          
		
          
          
          
		
          
          
          
		
          
          
          
		
          
          
          
		
          
          
          
		
          
          
          
		
          
          
          
		
          
          
          
		
          
          
          
		
          
          
          
		
          
          
          
		
          
          
          
		
          
          
          
		
          
          
          
		
          
          
          
		
          
          
          
		
          
          
          
		
          
          
          
		
          
          
          
		
          
          
          
		
          
          
          
		
          
          
          
		
          
          
          
		
          
          
          
		
          
          
          
		
          
          
          
		
          
          
          
		
          
          
          
		
          
          
          
		
          
          
          
		
          
          
          
		
          
          
          
		
          
          
          
		
          
          
          
		
          
          
          
		
          
          
          
		
          
          
          
		
          
          
          
		
          
          
          
		
          
          
          
		
          
          
          
		
          
          
          
		
          
          
          
		
          
          
          
		
          
          
          
		
          
          
          
		
          
          
          
		
          
          
          
		
          
          
          
		
          
          
          
		
          
          
          
		
          
          
          
		
          
          
          
		
          
          
          
		
          
          
          
		
          
          
          
		
          
          
          
		
          
          
          
		
          
          
          
		
          
          
          
		
          
          
          
		
          
          
          
		
          
          
          
		
          
          
          
		
          
          
          
		
          
          
          
		
          
          

          
                
          
            
          

        </li>
      
      <li class="nav-item  mmlast">
          
          
          <a class="nav-item-link" href="/collections/gift-cards" id="collmenu_gift-cards">
            Gift Cards
          </a>
          
                    
          

          
          
		
          
          
          
		
          
          
          
		
          
          
          
		
          
          
          
		
          
          
          
		
          
          
          
		
          
          
          
		
          
          
          
		
          
          
          
		
          
          
          
		
          
          
          
		
          
          
          
		
          
          
          
		
          
          
          
		
          
          
          
		
          
          
          
		
          
          
          
		
          
          
          
		
          
          
          
		
          
          
          
		
          
          
          
		
          
          
          
		
          
          
          
		
          
          
          
		
          
          
          
		
          
          
          
		
          
          
          
		
          
          
          
		
          
          
          
		
          
          
          
		
          
          
          
		
          
          
          
		
          
          
          
		
          
          
          
		
          
          
          
		
          
          
          
		
          
          
          
		
          
          
          
		
          
          
          
		
          
          
          
		
          
          
          
		
          
          
          
		
          
          
          
		
          
          
          
		
          
          
          
		
          
          
          
		
          
          
          
		
          
          
          
		
          
          
          
		
          
          
          
		
          
          
          
		
          
          
          
		
          
          
          
		
          
          
          
		
          
          
          
		
          
          
          
		
          
          
          
		
          
          
          
		
          
          
          
		
          
          
          
		
          
          
          
		
          
          
          
		
          
          
          
		
          
          
          
		
          
          
          
		
          
          
          
		
          
          
          
		
          
          
          
		
          
          
          
		
          
          
          
		
          
          
          
		
          
          
          
		
          
          
          
		
          
          
          
		
          
          
          
		
          
          
          
		
          
          
          
		
          
          
          
		
          
          
          
		
          
          
          
		
          
          
          
		
          
          
          
		
          
          
          
		
          
          
          
		
          
          
          
		
          
          
          
		
          
          
          
		
          
          
          
		
          
          
          
		
          
          
          
		
          
          
          
		
          
          
          
		
          
          
          
		
          
          
          
		
          
          
          
		
          
          
          
		
          
          
          
		
          
          
          
		
          
          
          
		
          
          
          
		
          
          
          
		
          
          
          
		
          
          
          
		
          
          
          
		
          
          
          
		
          
          
          
		
          
          
          
		
          
          
          
		
          
          
          
		
          
          
          
		
          
          
          
		
          
          
          
		
          
          
          
		
          
          
          
		
          
          
          
		
          
          
          
		
          
          
          
		
          
          
          
		
          
          
          
		
          
          
          
		
          
          
          
		
          
          
          
		
          
          
          
		
          
          
          
		
          
          
          
		
          
          
          
		
          
          
          
		
          
          
          
		
          
          
          
		
          
          

          
                
          
            
          

        </li>
      
    </ul>
  </nav>

</div>





<div class="main-menu" id="recipes-main-menu">
  <nav role="navigation" class="widescreen clearfix" style="">
    <ul class="font-nav">
      
      
        <li class="nav-item ">
          
          
          <a class="nav-item-link" href="/collections/all-recipes" id="collmenu_all-recipes">
            All
          </a>          

        </li>
      
        <li class="nav-item ">
          
          
          <a class="nav-item-link" href="/collections/recipes/Breakfast" id="collmenu_Breakfast">
            Brekkie
          </a>          

        </li>
      
        <li class="nav-item ">
          
          
          <a class="nav-item-link" href="/collections/recipes/Salad" id="collmenu_Salad">
            Salads
          </a>          

        </li>
      
        <li class="nav-item ">
          
          
          <a class="nav-item-link" href="/collections/recipes/Main" id="collmenu_Main">
            Mains
          </a>          

        </li>
      
        <li class="nav-item ">
          
          
          <a class="nav-item-link" href="/collections/recipes/Meat" id="collmenu_Meat">
            Protein
          </a>          

        </li>
      
        <li class="nav-item ">
          
          
          <a class="nav-item-link" href="/collections/recipes/Sweet" id="collmenu_Sweet">
            Sweets
          </a>          

        </li>
      
        <li class="nav-item ">
          
          
          <a class="nav-item-link" href="/collections/recipes/Drink" id="collmenu_Drink">
            Drinks
          </a>          

        </li>
      
        <li class="nav-item ">
          
          
          <a class="nav-item-link" href="/collections/recipes/Side" id="collmenu_Side">
            Sides
          </a>          

        </li>
      
        <li class="nav-item ">
          
          
          <a class="nav-item-link" href="/collections/recipes/Vegetarian" id="collmenu_Vegetarian">
            Vegetarian
          </a>          

        </li>
      
        <li class="nav-item ">
          
          
          <a class="nav-item-link" href="/collections/recipes/snack" id="collmenu_snack">
            Snacks
          </a>          

        </li>
      
        <li class="nav-item  mmlast">
          
          
          <a class="nav-item-link" href="/collections/recipes/soup" id="collmenu_soup">
            Soups
          </a>          

        </li>
      
    </ul>
  </nav>

</div>





<div class="main-menu" id="inseason-main-menu">
  <nav role="navigation" class="widescreen clearfix" style="margin-left: -6%;">
    <ul class="font-nav">
      
      
        <li class="nav-item ">
          
          
          <a class="nav-item-link" href="/blogs/daves-market-update" id="collmenu_daves-market-update">
            Market Update
          </a>          

        </li>
      
        <li class="nav-item ">
          
          
          <a class="nav-item-link" href="/blogs/pick-of-the-week" id="collmenu_pick-of-the-week">
            Pick of the Week
          </a>          

        </li>
      
        <li class="nav-item  mmlast">
          
          
          <a class="nav-item-link" href="/collections/in-season-may" id="collmenu_in-season-may">
            Shop in Season
          </a>          

        </li>
      
    </ul>
  </nav>

</div>

        </div>
        
        <div class="columns cart-container">
          








<div class="cart">
 	<div class="show-for-medium-up">
	  <a class="cart-link" href="/cart">Cart <span class="number-wrapper">(<span class="number" id="headercartvals" data-items="" data-item-details="">0</span>)<span id="headercarttotal"> - $0.00</span></span><span aria-hidden="true" class="glyph cart"></span></a>

		<div class="recently-added">
		  <table width="100%">
			  <thead>
			    <tr>
			      <td colspan="3">Recently Added</td>
			    </tr>
			  </thead>
			  
			  <tbody>
					

			  </tbody>

			  <tfoot>
			    <tr>
						<td class="items-count"><a href="/cart"><span class="number">0</span> Items</a></td>
						<td colspan="2" class="text-right all-caps"><strong>Total <span class="total-price" style="margin-left:5px;">$0.00</span></strong></td>
			    </tr>
			  </tfoot>
			  
			</table>

			<div class="row"> 
			  <div class="checkout columns">
			    <a class="button" href="/cart">Go to Checkout</a>
			  </div><!-- #cart-meta -->
			</div>

			<div class="error">
			  <p>The item you just added is unavailable. Please select another product or variant.</p>
			</div>

		</div>
	</div>

	<div class="show-for-small hide-for-ie9-down">
		<div class="recently-added-mask hide"></div>
		<div class="recently-added mobile">
			<a aria-hidden="true" class="close glyph cross"></a>
			

			<div class="row">
				<div class="columns">
					<p><strong class="all-caps">Recently Added</strong></p>
					<p class="mobile-item"></p>
					<p class="items-count"><a href="/cart"><span class="number">0</span> Items</a></p>
					<p><strong class="all-caps">Total <span class="total-price" style="margin-left:5px;">$0.00</span></strong></p>
				</div>
			</div>

			<div class="row">
			  <div class="checkout columns">
			    <a class="button" href="/cart">Go to Checkout</a>
			  </div><!-- #cart-meta -->
			</div>

			<div class="error">
			  <p>The item you just added is unavailable. Please select another product or variant.</p>
			</div>

		</div>
	</div>
</div>


        </div>

      </div>
    </div>

    <div class="main-menu-dropdown-panel">
      <div class="row text-center">
      
      </div>
    </div>

    <div id="mobile-search">
      <form action="/search" method="get" role="search">
        
        <input name="q" type="text" placeholder="Search for products e.g. bananas" class="search-box hint text aa-input" autocomplete="off" spellcheck="false" dir="auto"><pre aria-hidden="true" style="position: absolute; visibility: hidden; white-space: pre; font-family: Roboto; font-size: 12px; font-style: normal; font-variant: normal; font-weight: 400; word-spacing: 0px; letter-spacing: 0.8px; text-indent: 0px; text-rendering: auto; text-transform: none;"></pre>
        <button class="glyph search"></button>
      </form>
    </div>    
    
    <div class="mobile-menu">
      <nav role="navigation">
  <ul class="font-nav">

    
    
      <li class="nav-item">
        
        
        
        <a class="nav-item-link dropdown-link" href="#">
          Shop Online
        <span aria-hidden="true" class="glyph arrow-dropdown"></span><!--<span aria-hidden="true" class="glyph minus"></span>--></a>

        
            <ul class="sub-nav catalog">
              <li class="row">
                

                <div class="sub-nav-item columns" style="display: none;">
                  <a href="/pages/favourites"><span style="text-transform: uppercase;">Favourites</span></a>

                  

                  
                  

                  
                  
                  

                  
                  
                  

                  
                  
                  

                  
                  
                  

                  
                  
                  

                  
                  
                  

                  
                  
                  

                  
                  
                  

                  
                  
                  

                  
                  
                  

                  
                  
                  

                  
                  
                  

                  
                  
                  

                  
                  
                  

                  
                  
                  

                  
                  
                  

                  
                  
                  

                  
                  
                  

                  
                  
                  

                  
                  
                  

                  
                  
                  

                  
                  
                  

                  
                  
                  

                  
                  
                  

                  
                  
                  

                  
                  
                  

                  
                  
                  

                  
                  
                  

                  
                  
                  

                  
                  
                  

                  
                  
                  

                  
                  
                  

                  
                  
                  

                  
                  
                  

                  
                  
                  

                  
                  
                  

                  
                  
                  

                  
                  
                  

                  
                  
                  

                  
                  
                  

                  
                  
                  

                  
                  
                  

                  
                  
                  

                  
                  
                  

                  
                  
                  

                  
                  
                  

                  
                  
                  

                  
                  
                  

                  
                  
                  

                  
                  
                  

                  
                  
                  

                  
                  
                  

                  
                  
                  

                  
                  
                  

                  
                  
                  

                  
                  
                  

                  
                  
                  

                  
                  
                  

                  
                  
                  

                  
                  
                  

                  
                  
                  

                  
                  
                  

                  
                  
                  

                  
                  
                  

                  
                  
                  

                  
                  
                  

                  
                  
                  

                  
                  
                  

                  
                  
                  

                  
                  
                  

                  
                  
                  

                  
                  
                  

                  
                  
                  

                  
                  
                  

                  
                  
                  

                  
                  
                  

                  
                  
                  

                  
                  
                  

                  
                  
                  

                  
                  
                  

                  
                  
                  

                  
                  
                  

                  
                  
                  

                  
                  
                  

                  
                  
                  

                  
                  
                  

                  
                  
                  

                  
                  
                  

                  
                  
                  

                  
                  
                  

                  
                  
                  

                  
                  
                  

                  
                  
                  

                  
                  
                  

                  
                  
                  

                  
                  
                  

                  
                  
                  

                  
                  
                  

                  
                  
                  

                  
                  
                  

                  
                  
                  

                  
                  
                  

                  
                  
                  

                  
                  
                  

                  
                  
                  

                  
                  
                  

                  
                  
                  

                  
                  
                  

                  
                  
                  

                  
                  
                  

                  
                  
                  

                  
                  
                  

                  
                  
                  

                  
                  
                  

                  
                  
                  

                  
                  
                  

                  
                  
                  

                  
                  
                  

                  
                  
                  

                  
                  
                  

                  
                  
                  

                  
                  
                  

                  
                  
                  

                  
                  
                  

                  
                  
                  

                  
                  
                  

                  
                  
                  

                  
                  
                  

                  
                  
                  

                  
                  
                </div>

                
                

                <div class="sub-nav-item columns">
                  <a href="/collections/online-specials" class="dropdown-link"><span style="text-transform: uppercase;">Specials</span><span aria-hidden="true" class="glyph arrow-dropdown" style="text-transform: uppercase;"></span><!--<span aria-hidden="true" class="glyph minus"></span>--></a>

                  

                  
                  

                  
                  
                  

                  
                  
                  

                  
                  
                  

                  
                  
                  

                  
                  
                  

                  
                  
                  

                  
                  
                  

                  
                  
                  

                  
                  
                  

                  
                  
                  

                  
                  
                  

                  
                  
                  

                  
                  
                  

                  
                  
                  

                  
                  
                  

                  
                  
                  

                  
                  
                  

                  
                  
                  

                  
                  
                  

                  
                  
                  

                  
                  
                  

                  
                  
                  

                  
                  
                  

                  
                  
                  

                  
                  
                  

                  
                  
                  

                  
                  
                  

                  
                  
                  

                  
                  
                  

                  
                  
                  

                  
                  
                  

                  
                  
                  

                  
                  
                  

                  
                  
                  

                  
                  
                  

                  
                  
                  

                  
                  
                  

                  
                  
                  

                  
                  
                  

                  
                  
                  

                  
                  
                  

                  
                  
                  

                  
                  
                  

                  
                  
                  

                  
                  
                  

                  
                  
                  

                  
                  
                  

                  
                  
                  

                  
                  
                  

                  
                  
                  

                  
                  
                  

                  
                  
                  

                  
                  
                  

                  
                  
                  

                  
                  
                  

                  
                  
                  

                  
                  
                  

                  
                  
                  

                  
                  
                  

                  
                  
                  

                  
                  
                  

                  
                  
                  

                  
                  
                  

                  
                  
                  

                  
                  
                  

                  
                  
                  

                  
                  
                  

                  
                  
                  

                  
                  
                  

                  
                  
                  

                  
                  
                  

                  
                  
                  

                  
                  
                  

                  
                  
                  

                  
                  
                  

                  
                  
                  

                  
                  
                  

                  
                  
                  

                  
                  
                  

                  
                  
                  

                  
                  
                  

                  
                  
                  

                  
                  
                  

                  
                  
                  

                  
                  
                  

                  
                  
                  

                  
                  
                  

                  
                  
                  

                  
                  
                  

                  
                  
                  

                  
                  
                  

                  
                  
                  

                  
                  
                  

                  
                  
                  

                  
                  
                  

                  
                  
                  

                  
                  
                  

                  
                  
                  

                  
                  
                  

                  
                  
                  

                  
                  
                  

                  
                  
                  

                  
                  
                  

                  
                  
                  

                  
                  
                  

                  
                  
                  

                  
                  
                  

                  
                  
                  

                  
                  
                  

                  
                  
                  

                  
                  
                  

                  
                  
                  

                  
                  
                  

                  
                  
                  

                  
                  
                  

                  
                  
                  

                  
                  
                  

                  
                  
                  

                  
                  
                  

                  
                  
                  

                  
                  
                  

                  
                  
                  

                  
                  
                  

                  
                  
                  

                  
                  
                  

                  
                  
                  

                  
                  <ul class="sub-nav catalog">
                    
                    <li>
                      <a href="/collections/fruit-and-veg-specials" style="font-size:smaller">
                        Fruit &amp; Veg Specials
                      </a>

                      
                    </li>
                    
                    <li>
                      <a href="/collections/grocery-specials" style="font-size:smaller">
                        Grocery Specials
                      </a>

                      
                    </li>
                    
                    <li>
                      <a href="/collections/fridge-specials" style="font-size:smaller">
                        Fridge Specials
                      </a>

                      
                    </li>
                    
                    <li>
                      <a href="/collections/butcher-specials" style="font-size:smaller">
                        Butcher Specials
                      </a>

                      
                    </li>
                    
                    <li>
                      <a href="/collections/seafood-specials" style="font-size:smaller">
                        Seafood Specials
                      </a>

                      
                    </li>
                    
                    <li>
                      <a href="/collections/liquor-specials" style="font-size:smaller">
                        Liquor Specials
                      </a>

                      
                    </li>
                    
                    <li>
                      <a href="/collections/online-specials" style="font-size:smaller">
                        All Specials
                      </a>

                      
                    </li>
                    
                  </ul>
                  
                  
                  

                  
                  
                  

                  
                  
                  

                  
                  
                </div>

                
                

                <div class="sub-nav-item columns">
                  <a href="/collections/new-products"><span style="text-transform: uppercase;">New</span></a>

                  

                  
                  

                  
                  
                  

                  
                  
                  

                  
                  
                  

                  
                  
                  

                  
                  
                  

                  
                  
                  

                  
                  
                  

                  
                  
                  

                  
                  
                  

                  
                  
                  

                  
                  
                  

                  
                  
                  

                  
                  
                  

                  
                  
                  

                  
                  
                  

                  
                  
                  

                  
                  
                  

                  
                  
                  

                  
                  
                  

                  
                  
                  

                  
                  
                  

                  
                  
                  

                  
                  
                  

                  
                  
                  

                  
                  
                  

                  
                  
                  

                  
                  
                  

                  
                  
                  

                  
                  
                  

                  
                  
                  

                  
                  
                  

                  
                  
                  

                  
                  
                  

                  
                  
                  

                  
                  
                  

                  
                  
                  

                  
                  
                  

                  
                  
                  

                  
                  
                  

                  
                  
                  

                  
                  
                  

                  
                  
                  

                  
                  
                  

                  
                  
                  

                  
                  
                  

                  
                  
                  

                  
                  
                  

                  
                  
                  

                  
                  
                  

                  
                  
                  

                  
                  
                  

                  
                  
                  

                  
                  
                  

                  
                  
                  

                  
                  
                  

                  
                  
                  

                  
                  
                  

                  
                  
                  

                  
                  
                  

                  
                  
                  

                  
                  
                  

                  
                  
                  

                  
                  
                  

                  
                  
                  

                  
                  
                  

                  
                  
                  

                  
                  
                  

                  
                  
                  

                  
                  
                  

                  
                  
                  

                  
                  
                  

                  
                  
                  

                  
                  
                  

                  
                  
                  

                  
                  
                  

                  
                  
                  

                  
                  
                  

                  
                  
                  

                  
                  
                  

                  
                  
                  

                  
                  
                  

                  
                  
                  

                  
                  
                  

                  
                  
                  

                  
                  
                  

                  
                  
                  

                  
                  
                  

                  
                  
                  

                  
                  
                  

                  
                  
                  

                  
                  
                  

                  
                  
                  

                  
                  
                  

                  
                  
                  

                  
                  
                  

                  
                  
                  

                  
                  
                  

                  
                  
                  

                  
                  
                  

                  
                  
                  

                  
                  
                  

                  
                  
                  

                  
                  
                  

                  
                  
                  

                  
                  
                  

                  
                  
                  

                  
                  
                  

                  
                  
                  

                  
                  
                  

                  
                  
                  

                  
                  
                  

                  
                  
                  

                  
                  
                  

                  
                  
                  

                  
                  
                  

                  
                  
                  

                  
                  
                  

                  
                  
                  

                  
                  
                  

                  
                  
                  

                  
                  
                  

                  
                  
                  

                  
                  
                  

                  
                  
                  

                  
                  
                  

                  
                  
                  

                  
                  
                  

                  
                  
                  

                  
                  
                  

                  
                  
                </div>

                
                

                <div class="sub-nav-item columns">
                  <a href="/collections/organic" class="dropdown-link"><span style="text-transform: uppercase;">Organic</span><span aria-hidden="true" class="glyph arrow-dropdown" style="text-transform: uppercase;"></span><!--<span aria-hidden="true" class="glyph minus"></span>--></a>

                  

                  
                  

                  
                  
                  

                  
                  
                  

                  
                  
                  

                  
                  
                  

                  
                  
                  

                  
                  
                  

                  
                  
                  

                  
                  
                  

                  
                  
                  

                  
                  
                  

                  
                  
                  

                  
                  
                  

                  
                  
                  

                  
                  
                  

                  
                  
                  

                  
                  
                  

                  
                  
                  

                  
                  
                  

                  
                  
                  

                  
                  
                  

                  
                  
                  

                  
                  
                  

                  
                  
                  

                  
                  
                  

                  
                  
                  

                  
                  
                  

                  
                  
                  

                  
                  
                  

                  
                  
                  

                  
                  
                  

                  
                  <ul class="sub-nav catalog">
                    
                    <li>
                      <a href="/collections/organic-fruit-and-veg" style="font-size:smaller">
                        Organic Fruit &amp; Veg
                      </a>

                      
                    </li>
                    
                    <li>
                      <a href="/collections/organic-pantry" style="font-size:smaller">
                        Organic Groceries
                      </a>

                      
                    </li>
                    
                    <li>
                      <a href="/collections/organic-fridge" style="font-size:smaller">
                        Organic Fridge
                      </a>

                      
                    </li>
                    
                    <li>
                      <a href="/collections/organic-meat" style="font-size:smaller">
                        Organic Meat
                      </a>

                      
                    </li>
                    
                    <li>
                      <a href="/collections/liquor-organic" style="font-size:smaller">
                        Organic Liquor
                      </a>

                      
                    </li>
                    
                    <li>
                      <a href="/collections/organic" style="font-size:smaller">
                        All Organic
                      </a>

                      
                    </li>
                    
                  </ul>
                  
                  
                  

                  
                  
                  

                  
                  
                  

                  
                  
                  

                  
                  
                  

                  
                  
                  

                  
                  
                  

                  
                  
                  

                  
                  
                  

                  
                  
                  

                  
                  
                  

                  
                  
                  

                  
                  
                  

                  
                  
                  

                  
                  
                  

                  
                  
                  

                  
                  
                  

                  
                  
                  

                  
                  
                  

                  
                  
                  

                  
                  
                  

                  
                  
                  

                  
                  
                  

                  
                  
                  

                  
                  
                  

                  
                  
                  

                  
                  
                  

                  
                  
                  

                  
                  
                  

                  
                  
                  

                  
                  
                  

                  
                  
                  

                  
                  
                  

                  
                  
                  

                  
                  
                  

                  
                  
                  

                  
                  
                  

                  
                  
                  

                  
                  
                  

                  
                  
                  

                  
                  
                  

                  
                  
                  

                  
                  
                  

                  
                  
                  

                  
                  
                  

                  
                  
                  

                  
                  
                  

                  
                  
                  

                  
                  
                  

                  
                  
                  

                  
                  
                  

                  
                  
                  

                  
                  
                  

                  
                  
                  

                  
                  
                  

                  
                  
                  

                  
                  
                  

                  
                  
                  

                  
                  
                  

                  
                  
                  

                  
                  
                  

                  
                  
                  

                  
                  
                  

                  
                  
                  

                  
                  
                  

                  
                  
                  

                  
                  
                  

                  
                  
                  

                  
                  
                  

                  
                  
                  

                  
                  
                  

                  
                  
                  

                  
                  
                  

                  
                  
                  

                  
                  
                  

                  
                  
                  

                  
                  
                  

                  
                  
                  

                  
                  
                  

                  
                  
                  

                  
                  
                  

                  
                  
                  

                  
                  
                  

                  
                  
                  

                  
                  
                  

                  
                  
                  

                  
                  
                  

                  
                  
                  

                  
                  
                  

                  
                  
                  

                  
                  
                  

                  
                  
                  

                  
                  
                  

                  
                  
                  

                  
                  
                  

                  
                  
                  

                  
                  
                  

                  
                  
                  

                  
                  
                  

                  
                  
                </div>

                
                

                <div class="sub-nav-item columns">
                  <a href="/collections/fruit" class="dropdown-link"><span style="text-transform: uppercase;">Fruit</span><span aria-hidden="true" class="glyph arrow-dropdown" style="text-transform: uppercase;"></span><!--<span aria-hidden="true" class="glyph minus"></span>--></a>

                  

                  
                  

                  
                  
                  

                  
                  
                  

                  
                  
                  

                  
                  
                  

                  
                  <ul class="sub-nav catalog">
                    
                    <li>
                      <a href="/collections/fruit/apples" style="font-size:smaller">
                        Apples
                      </a>

                      
                    </li>
                    
                    <li>
                      <a href="/collections/bananas" style="font-size:smaller">
                        Bananas
                      </a>

                      
                    </li>
                    
                    <li>
                      <a href="/collections/strawberries-and-other-berries" style="font-size:smaller">
                        Berries
                      </a>

                      
                    </li>
                    
                    <li>
                      <a href="/collections/citrus" style="font-size:smaller">
                        Citrus
                      </a>

                      
                    </li>
                    
                    <li>
                      <a href="/collections/grapes" style="font-size:smaller">
                        Grapes
                      </a>

                      
                    </li>
                    
                    <li>
                      <a href="/collections/imperfect-fruit" style="font-size:smaller">
                        Imperfect Picks
                      </a>

                      
                    </li>
                    
                    <li>
                      <a href="/collections/melons" style="font-size:smaller">
                        Melons
                      </a>

                      
                    </li>
                    
                    <li>
                      <a href="/collections/organic-fruit" style="font-size:smaller">
                        Organic
                      </a>

                      
                    </li>
                    
                    <li>
                      <a href="/collections/pears" style="font-size:smaller">
                        Pears
                      </a>

                      
                    </li>
                    
                    <li>
                      <a href="/collections/peaches-nectarines-and-other-stone-fruit" style="font-size:smaller">
                        Stone Fruits
                      </a>

                      
                    </li>
                    
                    <li>
                      <a href="/collections/tropical-fruit" style="font-size:smaller">
                        Tropical &amp; Exotic
                      </a>

                      
                    </li>
                    
                    <li>
                      <a href="/collections/cut-fruit" style="font-size:smaller">
                        Cut Fruit
                      </a>

                      
                    </li>
                    
                    <li>
                      <a href="/collections/harris-farm-fresh-juices" style="font-size:smaller">
                        Fresh Juices
                      </a>

                      
                    </li>
                    
                    <li>
                      <a href="/collections/wholesale-fruit" style="font-size:smaller">
                        Wholesale Fruit
                      </a>

                      
                    </li>
                    
                    <li>
                      <a href="/collections/fruit" style="font-size:smaller">
                        All Fruit
                      </a>

                      
                    </li>
                    
                    <li>
                      <a href="/collections/fruit-and-vegetables-boxes" style="font-size:smaller">
                        Fruit &amp; Veg Boxes
                      </a>

                      
                    </li>
                    
                    <li>
                      <a href="/collections/fruit-specials" style="font-size:smaller">
                        Fruit Specials
                      </a>

                      
                    </li>
                    
                  </ul>
                  
                  
                  

                  
                  
                  

                  
                  
                  

                  
                  
                  

                  
                  
                  

                  
                  
                  

                  
                  
                  

                  
                  
                  

                  
                  
                  

                  
                  
                  

                  
                  
                  

                  
                  
                  

                  
                  
                  

                  
                  
                  

                  
                  
                  

                  
                  
                  

                  
                  
                  

                  
                  
                  

                  
                  
                  

                  
                  
                  

                  
                  
                  

                  
                  
                  

                  
                  
                  

                  
                  
                  

                  
                  
                  

                  
                  
                  

                  
                  
                  

                  
                  
                  

                  
                  
                  

                  
                  
                  

                  
                  
                  

                  
                  
                  

                  
                  
                  

                  
                  
                  

                  
                  
                  

                  
                  
                  

                  
                  
                  

                  
                  
                  

                  
                  
                  

                  
                  
                  

                  
                  
                  

                  
                  
                  

                  
                  
                  

                  
                  
                  

                  
                  
                  

                  
                  
                  

                  
                  
                  

                  
                  
                  

                  
                  
                  

                  
                  
                  

                  
                  
                  

                  
                  
                  

                  
                  
                  

                  
                  
                  

                  
                  
                  

                  
                  
                  

                  
                  
                  

                  
                  
                  

                  
                  
                  

                  
                  
                  

                  
                  
                  

                  
                  
                  

                  
                  
                  

                  
                  
                  

                  
                  
                  

                  
                  
                  

                  
                  
                  

                  
                  
                  

                  
                  
                  

                  
                  
                  

                  
                  
                  

                  
                  
                  

                  
                  
                  

                  
                  
                  

                  
                  
                  

                  
                  
                  

                  
                  
                  

                  
                  
                  

                  
                  
                  

                  
                  
                  

                  
                  
                  

                  
                  
                  

                  
                  
                  

                  
                  
                  

                  
                  
                  

                  
                  
                  

                  
                  
                  

                  
                  
                  

                  
                  
                  

                  
                  
                  

                  
                  
                  

                  
                  
                  

                  
                  
                  

                  
                  
                  

                  
                  
                  

                  
                  
                  

                  
                  
                  

                  
                  
                  

                  
                  
                  

                  
                  
                  

                  
                  
                  

                  
                  
                  

                  
                  
                  

                  
                  
                  

                  
                  
                  

                  
                  
                  

                  
                  
                  

                  
                  
                  

                  
                  
                  

                  
                  
                  

                  
                  
                  

                  
                  
                  

                  
                  
                  

                  
                  
                  

                  
                  
                  

                  
                  
                  

                  
                  
                  

                  
                  
                  

                  
                  
                  

                  
                  
                  

                  
                  
                  

                  
                  
                  

                  
                  
                  

                  
                  
                  

                  
                  
                  

                  
                  
                </div>

                
                

                <div class="sub-nav-item columns">
                  <a href="/collections/vegies" class="dropdown-link"><span style="text-transform: uppercase;">Vegies</span><span aria-hidden="true" class="glyph arrow-dropdown" style="text-transform: uppercase;"></span><!--<span aria-hidden="true" class="glyph minus"></span>--></a>

                  

                  
                  

                  
                  
                  

                  
                  
                  

                  
                  
                  

                  
                  
                  

                  
                  
                  

                  
                  
                  

                  
                  
                  

                  
                  
                  

                  
                  
                  

                  
                  
                  

                  
                  <ul class="sub-nav catalog">
                    
                    <li>
                      <a href="/collections/asparagus-broccoli-cauliflower" style="font-size:smaller">
                        Asparagus, Broccoli &amp; Cauliflower
                      </a>

                      
                    </li>
                    
                    <li>
                      <a href="/collections/beans-peas-corn" style="font-size:smaller">
                        Beans, Peas &amp; Sweetcorn
                      </a>

                      
                    </li>
                    
                    <li>
                      <a href="/collections/beetroot-radish" style="font-size:smaller">
                        Beetroot &amp; Radish
                      </a>

                      
                    </li>
                    
                    <li>
                      <a href="/collections/capsicums" style="font-size:smaller">
                        Capsicums
                      </a>

                      
                    </li>
                    
                    <li>
                      <a href="/collections/carrots-parsnips-root-vegetables" style="font-size:smaller">
                        Carrots, Parsnips &amp; Root Vegetables
                      </a>

                      
                    </li>
                    
                    <li>
                      <a href="/collections/celery-fennel-rhubarb" style="font-size:smaller">
                        Celery, Fennel &amp; Rhubarb
                      </a>

                      
                    </li>
                    
                    <li>
                      <a href="/collections/cucumbers-eggplant" style="font-size:smaller">
                        Cucumber, Eggplant &amp; Zucchini
                      </a>

                      
                    </li>
                    
                    <li>
                      <a href="/collections/fresh-spices-chillies-ginger" style="font-size:smaller">
                        Fresh Spices, Chillies &amp; Ginger
                      </a>

                      
                    </li>
                    
                    <li>
                      <a href="/collections/imperfect-vegies" style="font-size:smaller">
                        Imperfect Picks
                      </a>

                      
                    </li>
                    
                    <li>
                      <a href="/collections/leaf-vegies" style="font-size:smaller">
                        Leaf Vegetables
                      </a>

                      
                    </li>
                    
                    <li>
                      <a href="/collections/mushrooms" style="font-size:smaller">
                        Mushrooms
                      </a>

                      
                    </li>
                    
                    <li>
                      <a href="/collections/onions-leeks-garlic" style="font-size:smaller">
                        Onions, Leeks &amp; Garlic
                      </a>

                      
                    </li>
                    
                    <li>
                      <a href="/collections/potatoes_kumera-sweet-potatoes" style="font-size:smaller">
                        Potatoes, Kumera &amp; Sweet Potatoes
                      </a>

                      
                    </li>
                    
                    <li>
                      <a href="/collections/pumpkins" style="font-size:smaller">
                        Pumpkins &amp; Squash
                      </a>

                      
                    </li>
                    
                    <li>
                      <a href="/collections/tomatoes" style="font-size:smaller">
                        Tomatoes
                      </a>

                      
                    </li>
                    
                    <li>
                      <a href="/collections/organic-vegies" style="font-size:smaller">
                        Organic
                      </a>

                      
                    </li>
                    
                    <li>
                      <a href="/collections/ready-to-cook-eat" style="font-size:smaller">
                        Cut Veg + Salads
                      </a>

                      
                    </li>
                    
                    <li>
                      <a href="/collections/wholesale-vegetables" style="font-size:smaller">
                        Wholesale Vegetables
                      </a>

                      
                    </li>
                    
                    <li>
                      <a href="/collections/vegies" style="font-size:smaller">
                        All Vegetables
                      </a>

                      
                    </li>
                    
                    <li>
                      <a href="/collections/fruit-and-vegetables-boxes" style="font-size:smaller">
                        Fruit &amp; Veg Boxes
                      </a>

                      
                    </li>
                    
                    <li>
                      <a href="/collections/vegies-specials" style="font-size:smaller">
                        Vegies Specials
                      </a>

                      
                    </li>
                    
                  </ul>
                  
                  
                  

                  
                  
                  

                  
                  
                  

                  
                  
                  

                  
                  
                  

                  
                  
                  

                  
                  
                  

                  
                  
                  

                  
                  
                  

                  
                  
                  

                  
                  
                  

                  
                  
                  

                  
                  
                  

                  
                  
                  

                  
                  
                  

                  
                  
                  

                  
                  
                  

                  
                  
                  

                  
                  
                  

                  
                  
                  

                  
                  
                  

                  
                  
                  

                  
                  
                  

                  
                  
                  

                  
                  
                  

                  
                  
                  

                  
                  
                  

                  
                  
                  

                  
                  
                  

                  
                  
                  

                  
                  
                  

                  
                  
                  

                  
                  
                  

                  
                  
                  

                  
                  
                  

                  
                  
                  

                  
                  
                  

                  
                  
                  

                  
                  
                  

                  
                  
                  

                  
                  
                  

                  
                  
                  

                  
                  
                  

                  
                  
                  

                  
                  
                  

                  
                  
                  

                  
                  
                  

                  
                  
                  

                  
                  
                  

                  
                  
                  

                  
                  
                  

                  
                  
                  

                  
                  
                  

                  
                  
                  

                  
                  
                  

                  
                  
                  

                  
                  
                  

                  
                  
                  

                  
                  
                  

                  
                  
                  

                  
                  
                  

                  
                  
                  

                  
                  
                  

                  
                  
                  

                  
                  
                  

                  
                  
                  

                  
                  
                  

                  
                  
                  

                  
                  
                  

                  
                  
                  

                  
                  
                  

                  
                  
                  

                  
                  
                  

                  
                  
                  

                  
                  
                  

                  
                  
                  

                  
                  
                  

                  
                  
                  

                  
                  
                  

                  
                  
                  

                  
                  
                  

                  
                  
                  

                  
                  
                  

                  
                  
                  

                  
                  
                  

                  
                  
                  

                  
                  
                  

                  
                  
                  

                  
                  
                  

                  
                  
                  

                  
                  
                  

                  
                  
                  

                  
                  
                  

                  
                  
                  

                  
                  
                  

                  
                  
                  

                  
                  
                  

                  
                  
                  

                  
                  
                  

                  
                  
                  

                  
                  
                  

                  
                  
                  

                  
                  
                  

                  
                  
                  

                  
                  
                  

                  
                  
                  

                  
                  
                  

                  
                  
                  

                  
                  
                  

                  
                  
                  

                  
                  
                  

                  
                  
                  

                  
                  
                  

                  
                  
                  

                  
                  
                  

                  
                  
                  

                  
                  
                  

                  
                  
                  

                  
                  
                  

                  
                  
                </div>

                
                

                <div class="sub-nav-item columns">
                  <a href="/collections/groceries" class="dropdown-link"><span style="text-transform: uppercase;">Grocery</span><span aria-hidden="true" class="glyph arrow-dropdown" style="text-transform: uppercase;"></span><!--<span aria-hidden="true" class="glyph minus"></span>--></a>

                  

                  
                  

                  
                  
                  

                  
                  
                  

                  
                  <ul class="sub-nav catalog">
                    
                    <li>
                      <a href="/collections/groceries/Antipasti" style="font-size:smaller">
                        Antipasti &amp; Pickled Veg
                      </a>

                      
                    </li>
                    
                    <li>
                      <a href="/collections/groceries/Asian-Ingredients" style="font-size:smaller">
                        International Foods
                      </a>

                      
                    </li>
                    
                    <li>
                      <a href="/collections/bakery" style="font-size:smaller">
                        Bakery
                      </a>

                      
                    </li>
                    
                    <li>
                      <a href="/collections/biscuits-and-cookies" style="font-size:smaller">
                        Biscuits &amp; Cookies
                      </a>

                      
                    </li>
                    
                    <li>
                      <a href="/collections/crackers-and-flatbreads" style="font-size:smaller">
                        Crackers &amp; Flatbreads
                      </a>

                      
                    </li>
                    
                    <li>
                      <a href="/collections/breakfast-cereal" style="font-size:smaller">
                        Breakfast
                      </a>

                      
                    </li>
                    
                    <li>
                      <a href="/collections/canned-fish" style="font-size:smaller">
                        Canned Fish
                      </a>

                      
                    </li>
                    
                    <li>
                      <a href="/collections/canned-fruit-veg" style="font-size:smaller">
                        Canned Fruit &amp; Veg
                      </a>

                      
                    </li>
                    
                    <li>
                      <a href="/collections/confection" style="font-size:smaller">
                        Snacks &amp; Confectionery
                      </a>

                      
                    </li>
                    
                    <li>
                      <a href="/collections/coffee-tea" style="font-size:smaller">
                        Tea &amp; Coffee
                      </a>

                      
                    </li>
                    
                    <li>
                      <a href="/collections/drinks-exclude-milk" style="font-size:smaller">
                        Drinks
                      </a>

                      
                    </li>
                    
                    <li>
                      <a href="/collections/grocery-mixers-and-alcohol-free" style="font-size:smaller">
                        Mixers and Alcohol Free
                      </a>

                      
                    </li>
                    
                    <li>
                      <a href="/collections/long-life-milk" style="font-size:smaller">
                        Long Life Milk
                      </a>

                      
                    </li>
                    
                    <li>
                      <a href="/collections/cooking-essentials" style="font-size:smaller">
                        Cooking Essentials
                      </a>

                      
                    </li>
                    
                    <li>
                      <a href="/collections/eggs-1" style="font-size:smaller">
                        Eggs
                      </a>

                      
                    </li>
                    
                    <li>
                      <a href="/collections/herbs-spices-dried" style="font-size:smaller">
                        Herbs &amp; Spices
                      </a>

                      
                    </li>
                    
                    <li>
                      <a href="/collections/spreads-grocery" style="font-size:smaller">
                        Spreads
                      </a>

                      
                    </li>
                    
                    <li>
                      <a href="/collections/kids-grocery" style="font-size:smaller">
                        Kids
                      </a>

                      
                    </li>
                    
                    <li>
                      <a href="/collections/nuts-mixes-seeds" style="font-size:smaller">
                        Nuts, Seeds &amp; Dried Fruits
                      </a>

                      
                    </li>
                    
                    <li>
                      <a href="/collections/pasta-pasta-sauces" style="font-size:smaller">
                        Pasta &amp; Pasta Sauces
                      </a>

                      
                    </li>
                    
                    <li>
                      <a href="/collections/rice-noodle-cous-cous-and-quinoa" style="font-size:smaller">
                        Rice, Noodles &amp; Grains
                      </a>

                      
                    </li>
                    
                    <li>
                      <a href="/collections/condiments-1" style="font-size:smaller">
                        Condiments
                      </a>

                      
                    </li>
                    
                    <li>
                      <a href="/collections/health-foods" style="font-size:smaller">
                        Health Foods
                      </a>

                      
                    </li>
                    
                    <li>
                      <a href="/collections/personal-hygiene" style="font-size:smaller">
                        Personal Care
                      </a>

                      
                    </li>
                    
                    <li>
                      <a href="/collections/home-essentials" style="font-size:smaller">
                        Home Essentials
                      </a>

                      
                    </li>
                    
                    <li>
                      <a href="/collections/grocery-gluten-free" style="font-size:smaller">
                        Gluten Free
                      </a>

                      
                    </li>
                    
                    <li>
                      <a href="/collections/regen-products-grocery" style="font-size:smaller">
                        Regen
                      </a>

                      
                    </li>
                    
                    <li>
                      <a href="/collections/plastic-free" style="font-size:smaller">
                        Plastic Free
                      </a>

                      
                    </li>
                    
                    <li>
                      <a href="/collections/groceries/Kosher" style="font-size:smaller">
                        Kosher
                      </a>

                      
                    </li>
                    
                    <li>
                      <a href="/collections/groceries" style="font-size:smaller">
                        All Grocery
                      </a>

                      
                    </li>
                    
                    <li>
                      <a href="/collections/grocery-specials" style="font-size:smaller">
                        Grocery Specials
                      </a>

                      
                    </li>
                    
                  </ul>
                  
                  
                  

                  
                  
                  

                  
                  
                  

                  
                  
                  

                  
                  
                  

                  
                  
                  

                  
                  
                  

                  
                  
                  

                  
                  
                  

                  
                  
                  

                  
                  
                  

                  
                  
                  

                  
                  
                  

                  
                  
                  

                  
                  
                  

                  
                  
                  

                  
                  
                  

                  
                  
                  

                  
                  
                  

                  
                  
                  

                  
                  
                  

                  
                  
                  

                  
                  
                  

                  
                  
                  

                  
                  
                  

                  
                  
                  

                  
                  
                  

                  
                  
                  

                  
                  
                  

                  
                  
                  

                  
                  
                  

                  
                  
                  

                  
                  
                  

                  
                  
                  

                  
                  
                  

                  
                  
                  

                  
                  
                  

                  
                  
                  

                  
                  
                  

                  
                  
                  

                  
                  
                  

                  
                  
                  

                  
                  
                  

                  
                  
                  

                  
                  
                  

                  
                  
                  

                  
                  
                  

                  
                  
                  

                  
                  
                  

                  
                  
                  

                  
                  
                  

                  
                  
                  

                  
                  
                  

                  
                  
                  

                  
                  
                  

                  
                  
                  

                  
                  
                  

                  
                  
                  

                  
                  
                  

                  
                  
                  

                  
                  
                  

                  
                  
                  

                  
                  
                  

                  
                  
                  

                  
                  
                  

                  
                  
                  

                  
                  
                  

                  
                  
                  

                  
                  
                  

                  
                  
                  

                  
                  
                  

                  
                  
                  

                  
                  
                  

                  
                  
                  

                  
                  
                  

                  
                  
                  

                  
                  
                  

                  
                  
                  

                  
                  
                  

                  
                  
                  

                  
                  
                  

                  
                  
                  

                  
                  
                  

                  
                  
                  

                  
                  
                  

                  
                  
                  

                  
                  
                  

                  
                  
                  

                  
                  
                  

                  
                  
                  

                  
                  
                  

                  
                  
                  

                  
                  
                  

                  
                  
                  

                  
                  
                  

                  
                  
                  

                  
                  
                  

                  
                  
                  

                  
                  
                  

                  
                  
                  

                  
                  
                  

                  
                  
                  

                  
                  
                  

                  
                  
                  

                  
                  
                  

                  
                  
                  

                  
                  
                  

                  
                  
                  

                  
                  
                  

                  
                  
                  

                  
                  
                  

                  
                  
                  

                  
                  
                  

                  
                  
                  

                  
                  
                  

                  
                  
                  

                  
                  
                  

                  
                  
                  

                  
                  
                  

                  
                  
                  

                  
                  
                  

                  
                  
                  

                  
                  
                  

                  
                  
                  

                  
                  
                  

                  
                  
                  

                  
                  
                  

                  
                  
                </div>

                
                

                <div class="sub-nav-item columns">
                  <a href="/collections/fridge" class="dropdown-link"><span style="text-transform: uppercase;">Fridge</span><span aria-hidden="true" class="glyph arrow-dropdown" style="text-transform: uppercase;"></span><!--<span aria-hidden="true" class="glyph minus"></span>--></a>

                  

                  
                  

                  
                  
                  

                  
                  
                  

                  
                  
                  

                  
                  
                  

                  
                  
                  

                  
                  <ul class="sub-nav catalog">
                    
                    <li>
                      <a href="/collections/butter" style="font-size:smaller">
                        Butter
                      </a>

                      
                    </li>
                    
                    <li>
                      <a href="/collections/cheese" style="font-size:smaller">
                        Cheese
                      </a>

                      
                    </li>
                    
                    <li>
                      <a href="/collections/eggs-1" style="font-size:smaller">
                        Eggs
                      </a>

                      
                    </li>
                    
                    <li>
                      <a href="/collections/milk" style="font-size:smaller">
                        Milk
                      </a>

                      
                    </li>
                    
                    <li>
                      <a href="/collections/yoghurt" style="font-size:smaller">
                        Yoghurt
                      </a>

                      
                    </li>
                    
                    <li>
                      <a href="/collections/asian-specialty-fridge" style="font-size:smaller">
                        Asian Specialty
                      </a>

                      
                    </li>
                    
                    <li>
                      <a href="/collections/deli-meats" style="font-size:smaller">
                        Deli
                      </a>

                      
                    </li>
                    
                    <li>
                      <a href="/collections/dessert" style="font-size:smaller">
                        Desserts
                      </a>

                      
                    </li>
                    
                    <li>
                      <a href="/collections/deli-dips" style="font-size:smaller">
                        Dips, Pate &amp; Antipasti
                      </a>

                      
                    </li>
                    
                    <li>
                      <a href="/collections/drinks-and-juices" style="font-size:smaller">
                        Drinks &amp; Juices
                      </a>

                      
                    </li>
                    
                    <li>
                      <a href="/collections/entertaining-bundles" style="font-size:smaller">
                        Entertaining Bundles
                      </a>

                      
                    </li>
                    
                    <li>
                      <a href="/collections/fermented-pickles" style="font-size:smaller">
                        Fermented &amp; Pickles
                      </a>

                      
                    </li>
                    
                    <li>
                      <a href="/collections/fridge-gluten-free" style="font-size:smaller">
                        Gluten Free
                      </a>

                      
                    </li>
                    
                    <li>
                      <a href="/collections/ready-to-eat" style="font-size:smaller">
                        Ready to Eat
                      </a>

                      
                    </li>
                    
                    <li>
                      <a href="/collections/fridge-vegan-range" style="font-size:smaller">
                        Vegan
                      </a>

                      
                    </li>
                    
                    <li>
                      <a href="/collections/regen-products-fridge" style="font-size:smaller">
                        Regen
                      </a>

                      
                    </li>
                    
                    <li>
                      <a href="/collections/fridge-collection/Kosher" style="font-size:smaller">
                        Kosher
                      </a>

                      
                    </li>
                    
                    <li>
                      <a href="/collections/fridge" style="font-size:smaller">
                        All Fridge
                      </a>

                      
                    </li>
                    
                    <li>
                      <a href="/collections/fridge-specials" style="font-size:smaller">
                        Fridge Specials
                      </a>

                      
                    </li>
                    
                  </ul>
                  
                  
                  

                  
                  
                  

                  
                  
                  

                  
                  
                  

                  
                  
                  

                  
                  
                  

                  
                  
                  

                  
                  
                  

                  
                  
                  

                  
                  
                  

                  
                  
                  

                  
                  
                  

                  
                  
                  

                  
                  
                  

                  
                  
                  

                  
                  
                  

                  
                  
                  

                  
                  
                  

                  
                  
                  

                  
                  
                  

                  
                  
                  

                  
                  
                  

                  
                  
                  

                  
                  
                  

                  
                  
                  

                  
                  
                  

                  
                  
                  

                  
                  
                  

                  
                  
                  

                  
                  
                  

                  
                  
                  

                  
                  
                  

                  
                  
                  

                  
                  
                  

                  
                  
                  

                  
                  
                  

                  
                  
                  

                  
                  
                  

                  
                  
                  

                  
                  
                  

                  
                  
                  

                  
                  
                  

                  
                  
                  

                  
                  
                  

                  
                  
                  

                  
                  
                  

                  
                  
                  

                  
                  
                  

                  
                  
                  

                  
                  
                  

                  
                  
                  

                  
                  
                  

                  
                  
                  

                  
                  
                  

                  
                  
                  

                  
                  
                  

                  
                  
                  

                  
                  
                  

                  
                  
                  

                  
                  
                  

                  
                  
                  

                  
                  
                  

                  
                  
                  

                  
                  
                  

                  
                  
                  

                  
                  
                  

                  
                  
                  

                  
                  
                  

                  
                  
                  

                  
                  
                  

                  
                  
                  

                  
                  
                  

                  
                  
                  

                  
                  
                  

                  
                  
                  

                  
                  
                  

                  
                  
                  

                  
                  
                  

                  
                  
                  

                  
                  
                  

                  
                  
                  

                  
                  
                  

                  
                  
                  

                  
                  
                  

                  
                  
                  

                  
                  
                  

                  
                  
                  

                  
                  
                  

                  
                  
                  

                  
                  
                  

                  
                  
                  

                  
                  
                  

                  
                  
                  

                  
                  
                  

                  
                  
                  

                  
                  
                  

                  
                  
                  

                  
                  
                  

                  
                  
                  

                  
                  
                  

                  
                  
                  

                  
                  
                  

                  
                  
                  

                  
                  
                  

                  
                  
                  

                  
                  
                  

                  
                  
                  

                  
                  
                  

                  
                  
                  

                  
                  
                  

                  
                  
                  

                  
                  
                  

                  
                  
                  

                  
                  
                  

                  
                  
                  

                  
                  
                  

                  
                  
                  

                  
                  
                  

                  
                  
                  

                  
                  
                  

                  
                  
                  

                  
                  
                  

                  
                  
                  

                  
                  
                  

                  
                  
                </div>

                
                

                <div class="sub-nav-item columns">
                  <a href="/collections/butcher" class="dropdown-link"><span style="text-transform: uppercase;">Butcher</span><span aria-hidden="true" class="glyph arrow-dropdown" style="text-transform: uppercase;"></span><!--<span aria-hidden="true" class="glyph minus"></span>--></a>

                  

                  
                  

                  
                  
                  

                  
                  
                  

                  
                  
                  

                  
                  
                  

                  
                  
                  

                  
                  
                  

                  
                  
                  

                  
                  
                  

                  
                  
                  

                  
                  <ul class="sub-nav catalog">
                    
                    <li>
                      <a href="/collections/beef" style="font-size:smaller">
                        Beef
                      </a>

                      
                    </li>
                    
                    <li>
                      <a href="/collections/chicken-other-poultry" style="font-size:smaller">
                        Chicken
                      </a>

                      
                    </li>
                    
                    <li>
                      <a href="/collections/lamb" style="font-size:smaller">
                        Lamb
                      </a>

                      
                    </li>
                    
                    <li>
                      <a href="/collections/pork" style="font-size:smaller">
                        Pork
                      </a>

                      
                    </li>
                    
                    <li>
                      <a href="/collections/bbq-sausages-mince" style="font-size:smaller">
                        Burgers &amp; Sausages
                      </a>

                      
                    </li>
                    
                    <li>
                      <a href="/collections/deli-meats" style="font-size:smaller">
                        Deli
                      </a>

                      
                    </li>
                    
                    <li>
                      <a href="/collections/kangaroo" style="font-size:smaller">
                        Game Meats
                      </a>

                      
                    </li>
                    
                    <li>
                      <a href="/collections/mince" style="font-size:smaller">
                        Mince
                      </a>

                      
                    </li>
                    
                    <li>
                      <a href="/collections/organic-meats" style="font-size:smaller">
                        Organics Meats
                      </a>

                      
                    </li>
                    
                    <li>
                      <a href="/collections/curious-cuts" style="font-size:smaller">
                        Curious Cuts
                      </a>

                      
                    </li>
                    
                    <li>
                      <a href="/collections/everyday-market-value" style="font-size:smaller">
                        Everyday Market Value
                      </a>

                      
                    </li>
                    
                    <li>
                      <a href="/collections/regen-products-butcher" style="font-size:smaller">
                        Regen
                      </a>

                      
                    </li>
                    
                    <li>
                      <a href="/collections/butcher" style="font-size:smaller">
                        All Butcher
                      </a>

                      
                    </li>
                    
                    <li>
                      <a href="/collections/butcher-specials" style="font-size:smaller">
                        Butcher Specials
                      </a>

                      
                    </li>
                    
                  </ul>
                  
                  
                  

                  
                  
                  

                  
                  
                  

                  
                  
                  

                  
                  
                  

                  
                  
                  

                  
                  
                  

                  
                  
                  

                  
                  
                  

                  
                  
                  

                  
                  
                  

                  
                  
                  

                  
                  
                  

                  
                  
                  

                  
                  
                  

                  
                  
                  

                  
                  
                  

                  
                  
                  

                  
                  
                  

                  
                  
                  

                  
                  
                  

                  
                  
                  

                  
                  
                  

                  
                  
                  

                  
                  
                  

                  
                  
                  

                  
                  
                  

                  
                  
                  

                  
                  
                  

                  
                  
                  

                  
                  
                  

                  
                  
                  

                  
                  
                  

                  
                  
                  

                  
                  
                  

                  
                  
                  

                  
                  
                  

                  
                  
                  

                  
                  
                  

                  
                  
                  

                  
                  
                  

                  
                  
                  

                  
                  
                  

                  
                  
                  

                  
                  
                  

                  
                  
                  

                  
                  
                  

                  
                  
                  

                  
                  
                  

                  
                  
                  

                  
                  
                  

                  
                  
                  

                  
                  
                  

                  
                  
                  

                  
                  
                  

                  
                  
                  

                  
                  
                  

                  
                  
                  

                  
                  
                  

                  
                  
                  

                  
                  
                  

                  
                  
                  

                  
                  
                  

                  
                  
                  

                  
                  
                  

                  
                  
                  

                  
                  
                  

                  
                  
                  

                  
                  
                  

                  
                  
                  

                  
                  
                  

                  
                  
                  

                  
                  
                  

                  
                  
                  

                  
                  
                  

                  
                  
                  

                  
                  
                  

                  
                  
                  

                  
                  
                  

                  
                  
                  

                  
                  
                  

                  
                  
                  

                  
                  
                  

                  
                  
                  

                  
                  
                  

                  
                  
                  

                  
                  
                  

                  
                  
                  

                  
                  
                  

                  
                  
                  

                  
                  
                  

                  
                  
                  

                  
                  
                  

                  
                  
                  

                  
                  
                  

                  
                  
                  

                  
                  
                  

                  
                  
                  

                  
                  
                  

                  
                  
                  

                  
                  
                  

                  
                  
                  

                  
                  
                  

                  
                  
                  

                  
                  
                  

                  
                  
                  

                  
                  
                  

                  
                  
                  

                  
                  
                  

                  
                  
                  

                  
                  
                  

                  
                  
                  

                  
                  
                  

                  
                  
                  

                  
                  
                  

                  
                  
                  

                  
                  
                  

                  
                  
                  

                  
                  
                  

                  
                  
                  

                  
                  
                </div>

                
                

                <div class="sub-nav-item columns">
                  <a href="/collections/seafood" class="dropdown-link"><span style="text-transform: uppercase;">Seafood</span><span aria-hidden="true" class="glyph arrow-dropdown" style="text-transform: uppercase;"></span><!--<span aria-hidden="true" class="glyph minus"></span>--></a>

                  

                  
                  

                  
                  
                  

                  
                  
                  

                  
                  
                  

                  
                  
                  

                  
                  
                  

                  
                  
                  

                  
                  
                  

                  
                  
                  

                  
                  
                  

                  
                  
                  

                  
                  
                  

                  
                  
                  

                  
                  
                  

                  
                  
                  

                  
                  
                  

                  
                  
                  

                  
                  
                  

                  
                  
                  

                  
                  
                  

                  
                  
                  

                  
                  
                  

                  
                  
                  

                  
                  
                  

                  
                  
                  

                  
                  
                  

                  
                  
                  

                  
                  
                  

                  
                  
                  

                  
                  
                  

                  
                  
                  

                  
                  
                  

                  
                  
                  

                  
                  
                  

                  
                  
                  

                  
                  
                  

                  
                  
                  

                  
                  
                  

                  
                  
                  

                  
                  
                  

                  
                  
                  

                  
                  
                  

                  
                  
                  

                  
                  
                  

                  
                  
                  

                  
                  
                  

                  
                  
                  

                  
                  
                  

                  
                  
                  

                  
                  
                  

                  
                  
                  

                  
                  
                  

                  
                  
                  

                  
                  
                  

                  
                  
                  

                  
                  
                  

                  
                  
                  

                  
                  
                  

                  
                  
                  

                  
                  
                  

                  
                  
                  

                  
                  
                  

                  
                  
                  

                  
                  
                  

                  
                  
                  

                  
                  
                  

                  
                  
                  

                  
                  
                  

                  
                  
                  

                  
                  
                  

                  
                  
                  

                  
                  
                  

                  
                  
                  

                  
                  
                  

                  
                  
                  

                  
                  
                  

                  
                  
                  

                  
                  
                  

                  
                  
                  

                  
                  
                  

                  
                  
                  

                  
                  
                  

                  
                  
                  

                  
                  
                  

                  
                  
                  

                  
                  
                  

                  
                  
                  

                  
                  
                  

                  
                  
                  

                  
                  
                  

                  
                  
                  

                  
                  
                  

                  
                  
                  

                  
                  
                  

                  
                  
                  

                  
                  
                  

                  
                  
                  

                  
                  
                  

                  
                  
                  

                  
                  
                  

                  
                  
                  

                  
                  
                  

                  
                  
                  

                  
                  
                  

                  
                  
                  

                  
                  
                  

                  
                  
                  

                  
                  
                  

                  
                  
                  

                  
                  
                  

                  
                  
                  

                  
                  
                  

                  
                  
                  

                  
                  
                  

                  
                  
                  

                  
                  
                  

                  
                  
                  

                  
                  
                  

                  
                  
                  

                  
                  
                  

                  
                  
                  

                  
                  <ul class="sub-nav catalog">
                    
                    <li>
                      <a href="/collections/fresh-fish" style="font-size:smaller">
                        Fresh Fish
                      </a>

                      
                    </li>
                    
                    <li>
                      <a href="/collections/sydney-fresh-seafood" style="font-size:smaller">
                        Sydney Fresh Seafood
                      </a>

                      
                    </li>
                    
                    <li>
                      <a href="/collections/salmon-trout" style="font-size:smaller">
                        Smoked Seafood
                      </a>

                      
                    </li>
                    
                    <li>
                      <a href="/collections/crustaceans-shellfish" style="font-size:smaller">
                        Crustaceans &amp; Shellfish
                      </a>

                      
                    </li>
                    
                    <li>
                      <a href="/collections/calamari-mixed-seafood" style="font-size:smaller">
                        Calamari &amp; Mixed Seafood
                      </a>

                      
                    </li>
                    
                    <li>
                      <a href="/collections/seafood/Kosher" style="font-size:smaller">
                        Kosher 
                      </a>

                      
                    </li>
                    
                    <li>
                      <a href="/collections/seafood" style="font-size:smaller">
                        All Seafood
                      </a>

                      
                    </li>
                    
                    <li>
                      <a href="/collections/seafood-specials" style="font-size:smaller">
                        Seafood Specials
                      </a>

                      
                    </li>
                    
                  </ul>
                  
                  
                  

                  
                  
                  

                  
                  
                  

                  
                  
                  

                  
                  
                  

                  
                  
                  

                  
                  
                  

                  
                  
                  

                  
                  
                  

                  
                  
                </div>

                
                

                <div class="sub-nav-item columns">
                  <a href="/collections/liquor" class="dropdown-link"><span style="text-transform: uppercase;">Liquor</span><span aria-hidden="true" class="glyph arrow-dropdown" style="text-transform: uppercase;"></span><!--<span aria-hidden="true" class="glyph minus"></span>--></a>

                  

                  
                  

                  
                  
                  

                  
                  
                  

                  
                  
                  

                  
                  
                  

                  
                  
                  

                  
                  
                  

                  
                  
                  

                  
                  
                  

                  
                  
                  

                  
                  
                  

                  
                  
                  

                  
                  
                  

                  
                  
                  

                  
                  
                  

                  
                  
                  

                  
                  
                  

                  
                  
                  

                  
                  
                  

                  
                  
                  

                  
                  
                  

                  
                  
                  

                  
                  
                  

                  
                  
                  

                  
                  
                  

                  
                  
                  

                  
                  
                  

                  
                  
                  

                  
                  
                  

                  
                  
                  

                  
                  
                  

                  
                  
                  

                  
                  
                  

                  
                  
                  

                  
                  
                  

                  
                  
                  

                  
                  
                  

                  
                  
                  

                  
                  
                  

                  
                  
                  

                  
                  
                  

                  
                  
                  

                  
                  
                  

                  
                  
                  

                  
                  
                  

                  
                  
                  

                  
                  
                  

                  
                  
                  

                  
                  
                  

                  
                  
                  

                  
                  
                  

                  
                  
                  

                  
                  
                  

                  
                  
                  

                  
                  
                  

                  
                  
                  

                  
                  
                  

                  
                  
                  

                  
                  
                  

                  
                  
                  

                  
                  
                  

                  
                  
                  

                  
                  
                  

                  
                  
                  

                  
                  
                  

                  
                  
                  

                  
                  
                  

                  
                  
                  

                  
                  
                  

                  
                  
                  

                  
                  
                  

                  
                  
                  

                  
                  
                  

                  
                  
                  

                  
                  
                  

                  
                  
                  

                  
                  
                  

                  
                  
                  

                  
                  
                  

                  
                  
                  

                  
                  
                  

                  
                  
                  

                  
                  
                  

                  
                  
                  

                  
                  
                  

                  
                  
                  

                  
                  
                  

                  
                  
                  

                  
                  
                  

                  
                  
                  

                  
                  
                  

                  
                  
                  

                  
                  
                  

                  
                  
                  

                  
                  
                  

                  
                  
                  

                  
                  
                  

                  
                  
                  

                  
                  
                  

                  
                  
                  

                  
                  
                  

                  
                  
                  

                  
                  
                  

                  
                  
                  

                  
                  
                  

                  
                  
                  

                  
                  
                  

                  
                  
                  

                  
                  
                  

                  
                  
                  

                  
                  
                  

                  
                  
                  

                  
                  
                  

                  
                  
                  

                  
                  
                  

                  
                  
                  

                  
                  
                  

                  
                  
                  

                  
                  
                  

                  
                  
                  

                  
                  
                  

                  
                  
                  

                  
                  
                  

                  
                  <ul class="sub-nav catalog">
                    
                    <li>
                      <a href="/collections/beer-and-cider" style="font-size:smaller">
                        Beer and Cider
                      </a>

                      
                    </li>
                    
                    <li>
                      <a href="/collections/white-wine" style="font-size:smaller">
                        White Wine
                      </a>

                      
                    </li>
                    
                    <li>
                      <a href="/collections/red-wine" style="font-size:smaller">
                        Red Wine
                      </a>

                      
                    </li>
                    
                    <li>
                      <a href="/collections/rose-wine" style="font-size:smaller">
                        Ros Wine
                      </a>

                      
                    </li>
                    
                    <li>
                      <a href="/collections/natural-wines-continental-platter" style="font-size:smaller">
                        Natural Wines
                      </a>

                      
                    </li>
                    
                    <li>
                      <a href="/collections/champagne-and-sparkling" style="font-size:smaller">
                        Champagne and Sparkling
                      </a>

                      
                    </li>
                    
                    <li>
                      <a href="/collections/fortified-wine" style="font-size:smaller">
                        Fortified Wine
                      </a>

                      
                    </li>
                    
                    <li>
                      <a href="/collections/spirits" style="font-size:smaller">
                        Spirits
                      </a>

                      
                    </li>
                    
                    <li>
                      <a href="/collections/premixed" style="font-size:smaller">
                        Premixed
                      </a>

                      
                    </li>
                    
                    <li>
                      <a href="/collections/liquor-mixers-and-alcohol-free" style="font-size:smaller">
                        Mixers and Alcohol Free
                      </a>

                      
                    </li>
                    
                    <li>
                      <a href="/collections/liquor-organic" style="font-size:smaller">
                        Organic
                      </a>

                      
                    </li>
                    
                    <li>
                      <a href="/collections/liquor-bundle" style="font-size:smaller">
                        Liquor Bundles
                      </a>

                      
                    </li>
                    
                    <li>
                      <a href="/collections/liquor-case-sale" style="font-size:smaller">
                        Liquor Cases
                      </a>

                      
                    </li>
                    
                    <li>
                      <a href="/collections/liquor" style="font-size:smaller">
                        All Liquor
                      </a>

                      
                    </li>
                    
                    <li>
                      <a href="/collections/liquor-specials" style="font-size:smaller">
                        Liquor Specials
                      </a>

                      
                    </li>
                    
                  </ul>
                  
                  
                  

                  
                  
                  

                  
                  
                  

                  
                  
                  

                  
                  
                  

                  
                  
                  

                  
                  
                  

                  
                  
                </div>

                
                

                <div class="sub-nav-item columns">
                  <a href="/collections/value-boxes"><span style="text-transform: uppercase;">Value Boxes</span></a>

                  

                  
                  

                  
                  
                  

                  
                  
                  

                  
                  
                  

                  
                  
                  

                  
                  
                  

                  
                  
                  

                  
                  
                  

                  
                  
                  

                  
                  
                  

                  
                  
                  

                  
                  
                  

                  
                  
                  

                  
                  
                  

                  
                  
                  

                  
                  
                  

                  
                  
                  

                  
                  
                  

                  
                  
                  

                  
                  
                  

                  
                  
                  

                  
                  
                  

                  
                  
                  

                  
                  
                  

                  
                  
                  

                  
                  
                  

                  
                  
                  

                  
                  
                  

                  
                  
                  

                  
                  
                  

                  
                  
                  

                  
                  
                  

                  
                  
                  

                  
                  
                  

                  
                  
                  

                  
                  
                  

                  
                  
                  

                  
                  
                  

                  
                  
                  

                  
                  
                  

                  
                  
                  

                  
                  
                  

                  
                  
                  

                  
                  
                  

                  
                  
                  

                  
                  
                  

                  
                  
                  

                  
                  
                  

                  
                  
                  

                  
                  
                  

                  
                  
                  

                  
                  
                  

                  
                  
                  

                  
                  
                  

                  
                  
                  

                  
                  
                  

                  
                  
                  

                  
                  
                  

                  
                  
                  

                  
                  
                  

                  
                  
                  

                  
                  
                  

                  
                  
                  

                  
                  
                  

                  
                  
                  

                  
                  
                  

                  
                  
                  

                  
                  
                  

                  
                  
                  

                  
                  
                  

                  
                  
                  

                  
                  
                  

                  
                  
                  

                  
                  
                  

                  
                  
                  

                  
                  
                  

                  
                  
                  

                  
                  
                  

                  
                  
                  

                  
                  
                  

                  
                  
                  

                  
                  
                  

                  
                  
                  

                  
                  
                  

                  
                  
                  

                  
                  
                  

                  
                  
                  

                  
                  
                  

                  
                  
                  

                  
                  
                  

                  
                  
                  

                  
                  
                  

                  
                  
                  

                  
                  
                  

                  
                  
                  

                  
                  
                  

                  
                  
                  

                  
                  
                  

                  
                  
                  

                  
                  
                  

                  
                  
                  

                  
                  
                  

                  
                  
                  

                  
                  
                  

                  
                  
                  

                  
                  
                  

                  
                  
                  

                  
                  
                  

                  
                  
                  

                  
                  
                  

                  
                  
                  

                  
                  
                  

                  
                  
                  

                  
                  
                  

                  
                  
                  

                  
                  
                  

                  
                  
                  

                  
                  
                  

                  
                  
                  

                  
                  
                  

                  
                  
                  

                  
                  
                  

                  
                  
                  

                  
                  
                  

                  
                  
                  

                  
                  
                  

                  
                  
                  

                  
                  
                  

                  
                  
                  

                  
                  
                  

                  
                  
                </div>

                
                

                <div class="sub-nav-item columns">
                  <a href="/collections/ready-to-cook"><span style="text-transform: uppercase;">Ready to Cook</span></a>

                  

                  
                  

                  
                  
                  

                  
                  
                  

                  
                  
                  

                  
                  
                  

                  
                  
                  

                  
                  
                  

                  
                  
                  

                  
                  
                  

                  
                  
                  

                  
                  
                  

                  
                  
                  

                  
                  
                  

                  
                  
                  

                  
                  
                  

                  
                  
                  

                  
                  
                  

                  
                  
                  

                  
                  
                  

                  
                  
                  

                  
                  
                  

                  
                  
                  

                  
                  
                  

                  
                  
                  

                  
                  
                  

                  
                  
                  

                  
                  
                  

                  
                  
                  

                  
                  
                  

                  
                  
                  

                  
                  
                  

                  
                  
                  

                  
                  
                  

                  
                  
                  

                  
                  
                  

                  
                  
                  

                  
                  
                  

                  
                  
                  

                  
                  
                  

                  
                  
                  

                  
                  
                  

                  
                  
                  

                  
                  
                  

                  
                  
                  

                  
                  
                  

                  
                  
                  

                  
                  
                  

                  
                  
                  

                  
                  
                  

                  
                  
                  

                  
                  
                  

                  
                  
                  

                  
                  
                  

                  
                  
                  

                  
                  
                  

                  
                  
                  

                  
                  
                  

                  
                  
                  

                  
                  
                  

                  
                  
                  

                  
                  
                  

                  
                  
                  

                  
                  
                  

                  
                  
                  

                  
                  
                  

                  
                  
                  

                  
                  
                  

                  
                  
                  

                  
                  
                  

                  
                  
                  

                  
                  
                  

                  
                  
                  

                  
                  
                  

                  
                  
                  

                  
                  
                  

                  
                  
                  

                  
                  
                  

                  
                  
                  

                  
                  
                  

                  
                  
                  

                  
                  
                  

                  
                  
                  

                  
                  
                  

                  
                  
                  

                  
                  
                  

                  
                  
                  

                  
                  
                  

                  
                  
                  

                  
                  
                  

                  
                  
                  

                  
                  
                  

                  
                  
                  

                  
                  
                  

                  
                  
                  

                  
                  
                  

                  
                  
                  

                  
                  
                  

                  
                  
                  

                  
                  
                  

                  
                  
                  

                  
                  
                  

                  
                  
                  

                  
                  
                  

                  
                  
                  

                  
                  
                  

                  
                  
                  

                  
                  
                  

                  
                  
                  

                  
                  
                  

                  
                  
                  

                  
                  
                  

                  
                  
                  

                  
                  
                  

                  
                  
                  

                  
                  
                  

                  
                  
                  

                  
                  
                  

                  
                  
                  

                  
                  
                  

                  
                  
                  

                  
                  
                  

                  
                  
                  

                  
                  
                  

                  
                  
                  

                  
                  
                  

                  
                  
                  

                  
                  
                  

                  
                  
                  

                  
                  
                  

                  
                  
                  

                  
                  
                </div>

                
                

                <div class="sub-nav-item columns">
                  <a href="/collections/gift-cards"><span style="text-transform: uppercase;">Gift Cards</span></a>

                  

                  
                  

                  
                  
                  

                  
                  
                  

                  
                  
                  

                  
                  
                  

                  
                  
                  

                  
                  
                  

                  
                  
                  

                  
                  
                  

                  
                  
                  

                  
                  
                  

                  
                  
                  

                  
                  
                  

                  
                  
                  

                  
                  
                  

                  
                  
                  

                  
                  
                  

                  
                  
                  

                  
                  
                  

                  
                  
                  

                  
                  
                  

                  
                  
                  

                  
                  
                  

                  
                  
                  

                  
                  
                  

                  
                  
                  

                  
                  
                  

                  
                  
                  

                  
                  
                  

                  
                  
                  

                  
                  
                  

                  
                  
                  

                  
                  
                  

                  
                  
                  

                  
                  
                  

                  
                  
                  

                  
                  
                  

                  
                  
                  

                  
                  
                  

                  
                  
                  

                  
                  
                  

                  
                  
                  

                  
                  
                  

                  
                  
                  

                  
                  
                  

                  
                  
                  

                  
                  
                  

                  
                  
                  

                  
                  
                  

                  
                  
                  

                  
                  
                  

                  
                  
                  

                  
                  
                  

                  
                  
                  

                  
                  
                  

                  
                  
                  

                  
                  
                  

                  
                  
                  

                  
                  
                  

                  
                  
                  

                  
                  
                  

                  
                  
                  

                  
                  
                  

                  
                  
                  

                  
                  
                  

                  
                  
                  

                  
                  
                  

                  
                  
                  

                  
                  
                  

                  
                  
                  

                  
                  
                  

                  
                  
                  

                  
                  
                  

                  
                  
                  

                  
                  
                  

                  
                  
                  

                  
                  
                  

                  
                  
                  

                  
                  
                  

                  
                  
                  

                  
                  
                  

                  
                  
                  

                  
                  
                  

                  
                  
                  

                  
                  
                  

                  
                  
                  

                  
                  
                  

                  
                  
                  

                  
                  
                  

                  
                  
                  

                  
                  
                  

                  
                  
                  

                  
                  
                  

                  
                  
                  

                  
                  
                  

                  
                  
                  

                  
                  
                  

                  
                  
                  

                  
                  
                  

                  
                  
                  

                  
                  
                  

                  
                  
                  

                  
                  
                  

                  
                  
                  

                  
                  
                  

                  
                  
                  

                  
                  
                  

                  
                  
                  

                  
                  
                  

                  
                  
                  

                  
                  
                  

                  
                  
                  

                  
                  
                  

                  
                  
                  

                  
                  
                  

                  
                  
                  

                  
                  
                  

                  
                  
                  

                  
                  
                  

                  
                  
                  

                  
                  
                  

                  
                  
                  

                  
                  
                  

                  
                  
                  

                  
                  
                  

                  
                  
                  

                  
                  
                  

                  
                  
                  

                  
                  
                  

                  
                  
                  

                  
                  
                </div>

                
                
              </li>

            </ul>        
        
        

        
        
        
        
       
        
        

      
      </li>
    
      <li class="nav-item">
        
        
        
        <a class="nav-item-link" href="/pages/our-stores">
          Our Stores
        </a>

        
        

        
        
        
        
       
        
        

      
      </li>
    
      <li class="nav-item">
        
        
        
        <a class="nav-item-link dropdown-link" href="#">
          In Season
        <span aria-hidden="true" class="glyph arrow-dropdown"></span><!--<span aria-hidden="true" class="glyph minus"></span>--></a>

        
        

        
        <ul class="sub-nav catalog">
          <li class="row">
            

            <div class="sub-nav-item columns">
              <a href="/blogs/daves-market-update"><span>Market Update</span></a>

              
              
              
              
              
              
              
              
              
              
              
              
              
              
              
              
              
              
              
              
              
              
              
              
              
              
              
              
              
              
              
              
              
              
              
              
              
              
              
              
              
              
              
              
              
              
              
              
              
              
              
              
              
              
              
              
              
              
              
              
              
              
              
              
              
              
              
              
              
              
              
              
              
              
              
              
              
              
              
              
              
              
              
              
              
              
              
              
              
              
              
              
              
              
              
              
              
              
              
              
              
              
              
              
              
              
              
              
              
              
              
              
              
              
              
              
              
              
              
              
              
              
              
              
              
              
              
              
              
              
              
              
              
              
              
              
              
              
              
              
              
              
              
              
              
              
              
              
              
              
              
              
              
              
              
              
              
              
              
              
              
              
              
              
              
              
              
              
              
              
              
              
              
              
              
              
              
              
              
              
              
              
              
              
              
              
              
              
              
              
              
              
              
              
              
              
              
              
              
              
              
              
              
              
              
              
              
              
              
              
              
              
              
              
              
              
              
              
              
              
              
              
              
              
              
              
              
              
              
              
              
              
              
              
              
              
              
              
              
              
              
              
              
              
              
              
              
              
              
              
              
              
              
              
              
              
              
              
              
              
              
              
              
              
              
              
              
              
              
              
              
              
              
              
              
              
              
              
              
              
              
              
              
              
              
              
              
              
              
              
              
              
              
              
              
              
              
              
              
              
              
              
              
              
              
              
              
              
              
              
              
              
              
              
              
              
              
              
              
              
              
              
              
              
              
              
              
              
              
              
              
              
              
              
              
              
              
              
              
              
              
              
              
              
              
              
              
              
              
              
              
              
              
              
              
              
              
              
              
              
              
              
              
              
              
              
              
              
              
              
              
              
              
              
              
              
              
              
              
              
              
              
              
              
              
              
              
              
              
              
              
              
            </div>

            
            

            <div class="sub-nav-item columns">
              <a href="/blogs/pick-of-the-week"><span>Pick of the Week</span></a>

              
              
              
              
              
              
              
              
              
              
              
              
              
              
              
              
              
              
              
              
              
              
              
              
              
              
              
              
              
              
              
              
              
              
              
              
              
              
              
              
              
              
              
              
              
              
              
              
              
              
              
              
              
              
              
              
              
              
              
              
              
              
              
              
              
              
              
              
              
              
              
              
              
              
              
              
              
              
              
              
              
              
              
              
              
              
              
              
              
              
              
              
              
              
              
              
              
              
              
              
              
              
              
              
              
              
              
              
              
              
              
              
              
              
              
              
              
              
              
              
              
              
              
              
              
              
              
              
              
              
              
              
              
              
              
              
              
              
              
              
              
              
              
              
              
              
              
              
              
              
              
              
              
              
              
              
              
              
              
              
              
              
              
              
              
              
              
              
              
              
              
              
              
              
              
              
              
              
              
              
              
              
              
              
              
              
              
              
              
              
              
              
              
              
              
              
              
              
              
              
              
              
              
              
              
              
              
              
              
              
              
              
              
              
              
              
              
              
              
              
              
              
              
              
              
              
              
              
              
              
              
              
              
              
              
              
              
              
              
              
              
              
              
              
              
              
              
              
              
              
              
              
              
              
              
              
              
              
              
              
              
              
              
              
              
              
              
              
              
              
              
              
              
              
              
              
              
              
              
              
              
              
              
              
              
              
              
              
              
              
              
              
              
              
              
              
              
              
              
              
              
              
              
              
              
              
              
              
              
              
              
              
              
              
              
              
              
              
              
              
              
              
              
              
              
              
              
              
              
              
              
              
              
              
              
              
              
              
              
              
              
              
              
              
              
              
              
              
              
              
              
              
              
              
              
              
              
              
              
              
              
              
              
              
              
              
              
              
              
              
              
              
              
              
              
              
              
              
              
              
              
              
              
              
              
              
              
              
              
              
              
              
            </div>

            
            

            <div class="sub-nav-item columns">
              <a href="/collections/in-season-may"><span>Shop in Season</span></a>

              
              
              
              
              
              
              
              
              
              
              
              
              
              
              
              
              
              
              
              
              
              
              
              
              
              
              
              
              
              
              
              
              
              
              
              
              
              
              
              
              
              
              
              
              
              
              
              
              
              
              
              
              
              
              
              
              
              
              
              
              
              
              
              
              
              
              
              
              
              
              
              
              
              
              
              
              
              
              
              
              
              
              
              
              
              
              
              
              
              
              
              
              
              
              
              
              
              
              
              
              
              
              
              
              
              
              
              
              
              
              
              
              
              
              
              
              
              
              
              
              
              
              
              
              
              
              
              
              
              
              
              
              
              
              
              
              
              
              
              
              
              
              
              
              
              
              
              
              
              
              
              
              
              
              
              
              
              
              
              
              
              
              
              
              
              
              
              
              
              
              
              
              
              
              
              
              
              
              
              
              
              
              
              
              
              
              
              
              
              
              
              
              
              
              
              
              
              
              
              
              
              
              
              
              
              
              
              
              
              
              
              
              
              
              
              
              
              
              
              
              
              
              
              
              
              
              
              
              
              
              
              
              
              
              
              
              
              
              
              
              
              
              
              
              
              
              
              
              
              
              
              
              
              
              
              
              
              
              
              
              
              
              
              
              
              
              
              
              
              
              
              
              
              
              
              
              
              
              
              
              
              
              
              
              
              
              
              
              
              
              
              
              
              
              
              
              
              
              
              
              
              
              
              
              
              
              
              
              
              
              
              
              
              
              
              
              
              
              
              
              
              
              
              
              
              
              
              
              
              
              
              
              
              
              
              
              
              
              
              
              
              
              
              
              
              
              
              
              
              
              
              
              
              
              
              
              
              
              
              
              
              
              
              
              
              
              
              
              
              
              
              
              
              
              
              
              
              
              
              
              
              
              
              
              
              
              
              
              
              
              
              
            </div>

            
            
          </li>

        </ul>        
        
        
        
        
       
        
        

      
      </li>
    
      <li class="nav-item">
        
        
        
        <a class="nav-item-link dropdown-link" href="#">
          Recipes
        <span aria-hidden="true" class="glyph arrow-dropdown"></span><!--<span aria-hidden="true" class="glyph minus"></span>--></a>

        
        

        
        
        
        
        <ul class="sub-nav catalog">
          <li class="row">
            

            <div class="sub-nav-item columns">
              <a href="/collections/all-recipes"><span>All</span></a>

              
              
              
              
              
              
              
              
              
              
              
              
              
              
              
              
              
              
              
              
              
              
              
              
              
              
              
              
              
              
              
              
              
              
              
              
              
              
              
              
              
              
              
              
              
              
              
              
              
              
              
              
              
              
              
              
              
              
              
              
              
              
              
              
              
              
              
              
              
              
              
              
              
              
              
              
              
              
              
              
              
              
              
              
              
              
              
              
              
              
              
              
              
              
              
              
              
              
              
              
              
              
              
              
              
              
              
              
              
              
              
              
              
              
              
              
              
              
              
              
              
              
              
              
              
              
              
              
              
              
              
              
              
              
              
              
              
              
              
              
              
              
              
              
              
              
              
              
              
              
              
              
              
              
              
              
              
              
              
              
              
              
              
              
              
              
              
              
              
              
              
              
              
              
              
              
              
              
              
              
              
              
              
              
              
              
              
              
              
              
              
              
              
              
              
              
              
              
              
              
              
              
              
              
              
              
              
              
              
              
              
              
              
              
              
              
              
              
              
              
              
              
              
              
              
              
              
              
              
              
              
              
              
              
              
              
              
              
              
              
              
              
              
              
              
              
              
              
              
              
              
              
              
              
              
              
              
              
              
              
              
              
              
              
              
              
              
              
              
              
              
              
              
              
              
              
              
              
              
              
              
              
              
              
              
              
              
              
              
              
              
              
              
              
              
              
              
              
              
              
              
              
              
              
              
              
              
              
              
              
              
              
              
              
              
              
              
              
              
              
              
              
              
              
              
              
              
              
              
              
              
              
              
              
              
              
              
              
              
              
              
              
              
              
              
              
              
              
              
              
              
              
              
              
              
              
              
              
              
              
              
              
              
              
              
              
              
              
              
              
              
              
              
              
              
              
              
              
              
              
              
              
              
              
              
              
              
              
              
              
              
              
            </div>

            
            

            <div class="sub-nav-item columns">
              <a href="/collections/recipes/Breakfast"><span>Brekkie</span></a>

              
              
              
              
              
              
              
              
              
              
              
              
              
              
              
              
              
              
              
              
              
              
              
              
              
              
              
              
              
              
              
              
              
              
              
              
              
              
              
              
              
              
              
              
              
              
              
              
              
              
              
              
              
              
              
              
              
              
              
              
              
              
              
              
              
              
              
              
              
              
              
              
              
              
              
              
              
              
              
              
              
              
              
              
              
              
              
              
              
              
              
              
              
              
              
              
              
              
              
              
              
              
              
              
              
              
              
              
              
              
              
              
              
              
              
              
              
              
              
              
              
              
              
              
              
              
              
              
              
              
              
              
              
              
              
              
              
              
              
              
              
              
              
              
              
              
              
              
              
              
              
              
              
              
              
              
              
              
              
              
              
              
              
              
              
              
              
              
              
              
              
              
              
              
              
              
              
              
              
              
              
              
              
              
              
              
              
              
              
              
              
              
              
              
              
              
              
              
              
              
              
              
              
              
              
              
              
              
              
              
              
              
              
              
              
              
              
              
              
              
              
              
              
              
              
              
              
              
              
              
              
              
              
              
              
              
              
              
              
              
              
              
              
              
              
              
              
              
              
              
              
              
              
              
              
              
              
              
              
              
              
              
              
              
              
              
              
              
              
              
              
              
              
              
              
              
              
              
              
              
              
              
              
              
              
              
              
              
              
              
              
              
              
              
              
              
              
              
              
              
              
              
              
              
              
              
              
              
              
              
              
              
              
              
              
              
              
              
              
              
              
              
              
              
              
              
              
              
              
              
              
              
              
              
              
              
              
              
              
              
              
              
              
              
              
              
              
              
              
              
              
              
              
              
              
              
              
              
              
              
              
              
              
              
              
              
              
              
              
              
              
              
              
              
              
              
              
              
              
              
              
              
              
              
              
              
              
              
              
              
              
              
            </div>

            
            

            <div class="sub-nav-item columns">
              <a href="/collections/recipes/Salad"><span>Salads</span></a>

              
              
              
              
              
              
              
              
              
              
              
              
              
              
              
              
              
              
              
              
              
              
              
              
              
              
              
              
              
              
              
              
              
              
              
              
              
              
              
              
              
              
              
              
              
              
              
              
              
              
              
              
              
              
              
              
              
              
              
              
              
              
              
              
              
              
              
              
              
              
              
              
              
              
              
              
              
              
              
              
              
              
              
              
              
              
              
              
              
              
              
              
              
              
              
              
              
              
              
              
              
              
              
              
              
              
              
              
              
              
              
              
              
              
              
              
              
              
              
              
              
              
              
              
              
              
              
              
              
              
              
              
              
              
              
              
              
              
              
              
              
              
              
              
              
              
              
              
              
              
              
              
              
              
              
              
              
              
              
              
              
              
              
              
              
              
              
              
              
              
              
              
              
              
              
              
              
              
              
              
              
              
              
              
              
              
              
              
              
              
              
              
              
              
              
              
              
              
              
              
              
              
              
              
              
              
              
              
              
              
              
              
              
              
              
              
              
              
              
              
              
              
              
              
              
              
              
              
              
              
              
              
              
              
              
              
              
              
              
              
              
              
              
              
              
              
              
              
              
              
              
              
              
              
              
              
              
              
              
              
              
              
              
              
              
              
              
              
              
              
              
              
              
              
              
              
              
              
              
              
              
              
              
              
              
              
              
              
              
              
              
              
              
              
              
              
              
              
              
              
              
              
              
              
              
              
              
              
              
              
              
              
              
              
              
              
              
              
              
              
              
              
              
              
              
              
              
              
              
              
              
              
              
              
              
              
              
              
              
              
              
              
              
              
              
              
              
              
              
              
              
              
              
              
              
              
              
              
              
              
              
              
              
              
              
              
              
              
              
              
              
              
              
              
              
              
              
              
              
              
              
              
              
              
              
              
              
              
              
              
              
              
            </div>

            
            

            <div class="sub-nav-item columns">
              <a href="/collections/recipes/Main"><span>Mains</span></a>

              
              
              
              
              
              
              
              
              
              
              
              
              
              
              
              
              
              
              
              
              
              
              
              
              
              
              
              
              
              
              
              
              
              
              
              
              
              
              
              
              
              
              
              
              
              
              
              
              
              
              
              
              
              
              
              
              
              
              
              
              
              
              
              
              
              
              
              
              
              
              
              
              
              
              
              
              
              
              
              
              
              
              
              
              
              
              
              
              
              
              
              
              
              
              
              
              
              
              
              
              
              
              
              
              
              
              
              
              
              
              
              
              
              
              
              
              
              
              
              
              
              
              
              
              
              
              
              
              
              
              
              
              
              
              
              
              
              
              
              
              
              
              
              
              
              
              
              
              
              
              
              
              
              
              
              
              
              
              
              
              
              
              
              
              
              
              
              
              
              
              
              
              
              
              
              
              
              
              
              
              
              
              
              
              
              
              
              
              
              
              
              
              
              
              
              
              
              
              
              
              
              
              
              
              
              
              
              
              
              
              
              
              
              
              
              
              
              
              
              
              
              
              
              
              
              
              
              
              
              
              
              
              
              
              
              
              
              
              
              
              
              
              
              
              
              
              
              
              
              
              
              
              
              
              
              
              
              
              
              
              
              
              
              
              
              
              
              
              
              
              
              
              
              
              
              
              
              
              
              
              
              
              
              
              
              
              
              
              
              
              
              
              
              
              
              
              
              
              
              
              
              
              
              
              
              
              
              
              
              
              
              
              
              
              
              
              
              
              
              
              
              
              
              
              
              
              
              
              
              
              
              
              
              
              
              
              
              
              
              
              
              
              
              
              
              
              
              
              
              
              
              
              
              
              
              
              
              
              
              
              
              
              
              
              
              
              
              
              
              
              
              
              
              
              
              
              
              
              
              
              
              
              
              
              
              
              
              
              
              
              
              
            </div>

            
            

            <div class="sub-nav-item columns">
              <a href="/collections/recipes/Meat"><span>Protein</span></a>

              
              
              
              
              
              
              
              
              
              
              
              
              
              
              
              
              
              
              
              
              
              
              
              
              
              
              
              
              
              
              
              
              
              
              
              
              
              
              
              
              
              
              
              
              
              
              
              
              
              
              
              
              
              
              
              
              
              
              
              
              
              
              
              
              
              
              
              
              
              
              
              
              
              
              
              
              
              
              
              
              
              
              
              
              
              
              
              
              
              
              
              
              
              
              
              
              
              
              
              
              
              
              
              
              
              
              
              
              
              
              
              
              
              
              
              
              
              
              
              
              
              
              
              
              
              
              
              
              
              
              
              
              
              
              
              
              
              
              
              
              
              
              
              
              
              
              
              
              
              
              
              
              
              
              
              
              
              
              
              
              
              
              
              
              
              
              
              
              
              
              
              
              
              
              
              
              
              
              
              
              
              
              
              
              
              
              
              
              
              
              
              
              
              
              
              
              
              
              
              
              
              
              
              
              
              
              
              
              
              
              
              
              
              
              
              
              
              
              
              
              
              
              
              
              
              
              
              
              
              
              
              
              
              
              
              
              
              
              
              
              
              
              
              
              
              
              
              
              
              
              
              
              
              
              
              
              
              
              
              
              
              
              
              
              
              
              
              
              
              
              
              
              
              
              
              
              
              
              
              
              
              
              
              
              
              
              
              
              
              
              
              
              
              
              
              
              
              
              
              
              
              
              
              
              
              
              
              
              
              
              
              
              
              
              
              
              
              
              
              
              
              
              
              
              
              
              
              
              
              
              
              
              
              
              
              
              
              
              
              
              
              
              
              
              
              
              
              
              
              
              
              
              
              
              
              
              
              
              
              
              
              
              
              
              
              
              
              
              
              
              
              
              
              
              
              
              
              
              
              
              
              
              
              
              
              
              
              
              
              
              
              
            </div>

            
            

            <div class="sub-nav-item columns">
              <a href="/collections/recipes/Sweet"><span>Sweets</span></a>

              
              
              
              
              
              
              
              
              
              
              
              
              
              
              
              
              
              
              
              
              
              
              
              
              
              
              
              
              
              
              
              
              
              
              
              
              
              
              
              
              
              
              
              
              
              
              
              
              
              
              
              
              
              
              
              
              
              
              
              
              
              
              
              
              
              
              
              
              
              
              
              
              
              
              
              
              
              
              
              
              
              
              
              
              
              
              
              
              
              
              
              
              
              
              
              
              
              
              
              
              
              
              
              
              
              
              
              
              
              
              
              
              
              
              
              
              
              
              
              
              
              
              
              
              
              
              
              
              
              
              
              
              
              
              
              
              
              
              
              
              
              
              
              
              
              
              
              
              
              
              
              
              
              
              
              
              
              
              
              
              
              
              
              
              
              
              
              
              
              
              
              
              
              
              
              
              
              
              
              
              
              
              
              
              
              
              
              
              
              
              
              
              
              
              
              
              
              
              
              
              
              
              
              
              
              
              
              
              
              
              
              
              
              
              
              
              
              
              
              
              
              
              
              
              
              
              
              
              
              
              
              
              
              
              
              
              
              
              
              
              
              
              
              
              
              
              
              
              
              
              
              
              
              
              
              
              
              
              
              
              
              
              
              
              
              
              
              
              
              
              
              
              
              
              
              
              
              
              
              
              
              
              
              
              
              
              
              
              
              
              
              
              
              
              
              
              
              
              
              
              
              
              
              
              
              
              
              
              
              
              
              
              
              
              
              
              
              
              
              
              
              
              
              
              
              
              
              
              
              
              
              
              
              
              
              
              
              
              
              
              
              
              
              
              
              
              
              
              
              
              
              
              
              
              
              
              
              
              
              
              
              
              
              
              
              
              
              
              
              
              
              
              
              
              
              
              
              
              
              
              
              
              
              
              
              
              
              
              
              
              
              
            </div>

            
            

            <div class="sub-nav-item columns">
              <a href="/collections/recipes/Drink"><span>Drinks</span></a>

              
              
              
              
              
              
              
              
              
              
              
              
              
              
              
              
              
              
              
              
              
              
              
              
              
              
              
              
              
              
              
              
              
              
              
              
              
              
              
              
              
              
              
              
              
              
              
              
              
              
              
              
              
              
              
              
              
              
              
              
              
              
              
              
              
              
              
              
              
              
              
              
              
              
              
              
              
              
              
              
              
              
              
              
              
              
              
              
              
              
              
              
              
              
              
              
              
              
              
              
              
              
              
              
              
              
              
              
              
              
              
              
              
              
              
              
              
              
              
              
              
              
              
              
              
              
              
              
              
              
              
              
              
              
              
              
              
              
              
              
              
              
              
              
              
              
              
              
              
              
              
              
              
              
              
              
              
              
              
              
              
              
              
              
              
              
              
              
              
              
              
              
              
              
              
              
              
              
              
              
              
              
              
              
              
              
              
              
              
              
              
              
              
              
              
              
              
              
              
              
              
              
              
              
              
              
              
              
              
              
              
              
              
              
              
              
              
              
              
              
              
              
              
              
              
              
              
              
              
              
              
              
              
              
              
              
              
              
              
              
              
              
              
              
              
              
              
              
              
              
              
              
              
              
              
              
              
              
              
              
              
              
              
              
              
              
              
              
              
              
              
              
              
              
              
              
              
              
              
              
              
              
              
              
              
              
              
              
              
              
              
              
              
              
              
              
              
              
              
              
              
              
              
              
              
              
              
              
              
              
              
              
              
              
              
              
              
              
              
              
              
              
              
              
              
              
              
              
              
              
              
              
              
              
              
              
              
              
              
              
              
              
              
              
              
              
              
              
              
              
              
              
              
              
              
              
              
              
              
              
              
              
              
              
              
              
              
              
              
              
              
              
              
              
              
              
              
              
              
              
              
              
              
              
              
              
              
              
              
              
              
              
            </div>

            
            

            <div class="sub-nav-item columns">
              <a href="/collections/recipes/Side"><span>Sides</span></a>

              
              
              
              
              
              
              
              
              
              
              
              
              
              
              
              
              
              
              
              
              
              
              
              
              
              
              
              
              
              
              
              
              
              
              
              
              
              
              
              
              
              
              
              
              
              
              
              
              
              
              
              
              
              
              
              
              
              
              
              
              
              
              
              
              
              
              
              
              
              
              
              
              
              
              
              
              
              
              
              
              
              
              
              
              
              
              
              
              
              
              
              
              
              
              
              
              
              
              
              
              
              
              
              
              
              
              
              
              
              
              
              
              
              
              
              
              
              
              
              
              
              
              
              
              
              
              
              
              
              
              
              
              
              
              
              
              
              
              
              
              
              
              
              
              
              
              
              
              
              
              
              
              
              
              
              
              
              
              
              
              
              
              
              
              
              
              
              
              
              
              
              
              
              
              
              
              
              
              
              
              
              
              
              
              
              
              
              
              
              
              
              
              
              
              
              
              
              
              
              
              
              
              
              
              
              
              
              
              
              
              
              
              
              
              
              
              
              
              
              
              
              
              
              
              
              
              
              
              
              
              
              
              
              
              
              
              
              
              
              
              
              
              
              
              
              
              
              
              
              
              
              
              
              
              
              
              
              
              
              
              
              
              
              
              
              
              
              
              
              
              
              
              
              
              
              
              
              
              
              
              
              
              
              
              
              
              
              
              
              
              
              
              
              
              
              
              
              
              
              
              
              
              
              
              
              
              
              
              
              
              
              
              
              
              
              
              
              
              
              
              
              
              
              
              
              
              
              
              
              
              
              
              
              
              
              
              
              
              
              
              
              
              
              
              
              
              
              
              
              
              
              
              
              
              
              
              
              
              
              
              
              
              
              
              
              
              
              
              
              
              
              
              
              
              
              
              
              
              
              
              
              
              
              
              
              
              
              
              
              
              
              
            </div>

            
            

            <div class="sub-nav-item columns">
              <a href="/collections/recipes/Vegetarian"><span>Vegetarian</span></a>

              
              
              
              
              
              
              
              
              
              
              
              
              
              
              
              
              
              
              
              
              
              
              
              
              
              
              
              
              
              
              
              
              
              
              
              
              
              
              
              
              
              
              
              
              
              
              
              
              
              
              
              
              
              
              
              
              
              
              
              
              
              
              
              
              
              
              
              
              
              
              
              
              
              
              
              
              
              
              
              
              
              
              
              
              
              
              
              
              
              
              
              
              
              
              
              
              
              
              
              
              
              
              
              
              
              
              
              
              
              
              
              
              
              
              
              
              
              
              
              
              
              
              
              
              
              
              
              
              
              
              
              
              
              
              
              
              
              
              
              
              
              
              
              
              
              
              
              
              
              
              
              
              
              
              
              
              
              
              
              
              
              
              
              
              
              
              
              
              
              
              
              
              
              
              
              
              
              
              
              
              
              
              
              
              
              
              
              
              
              
              
              
              
              
              
              
              
              
              
              
              
              
              
              
              
              
              
              
              
              
              
              
              
              
              
              
              
              
              
              
              
              
              
              
              
              
              
              
              
              
              
              
              
              
              
              
              
              
              
              
              
              
              
              
              
              
              
              
              
              
              
              
              
              
              
              
              
              
              
              
              
              
              
              
              
              
              
              
              
              
              
              
              
              
              
              
              
              
              
              
              
              
              
              
              
              
              
              
              
              
              
              
              
              
              
              
              
              
              
              
              
              
              
              
              
              
              
              
              
              
              
              
              
              
              
              
              
              
              
              
              
              
              
              
              
              
              
              
              
              
              
              
              
              
              
              
              
              
              
              
              
              
              
              
              
              
              
              
              
              
              
              
              
              
              
              
              
              
              
              
              
              
              
              
              
              
              
              
              
              
              
              
              
              
              
              
              
              
              
              
              
              
              
              
              
              
              
              
              
              
              
              
            </div>

            
            

            <div class="sub-nav-item columns">
              <a href="/collections/recipes/snack"><span>Snacks</span></a>

              
              
              
              
              
              
              
              
              
              
              
              
              
              
              
              
              
              
              
              
              
              
              
              
              
              
              
              
              
              
              
              
              
              
              
              
              
              
              
              
              
              
              
              
              
              
              
              
              
              
              
              
              
              
              
              
              
              
              
              
              
              
              
              
              
              
              
              
              
              
              
              
              
              
              
              
              
              
              
              
              
              
              
              
              
              
              
              
              
              
              
              
              
              
              
              
              
              
              
              
              
              
              
              
              
              
              
              
              
              
              
              
              
              
              
              
              
              
              
              
              
              
              
              
              
              
              
              
              
              
              
              
              
              
              
              
              
              
              
              
              
              
              
              
              
              
              
              
              
              
              
              
              
              
              
              
              
              
              
              
              
              
              
              
              
              
              
              
              
              
              
              
              
              
              
              
              
              
              
              
              
              
              
              
              
              
              
              
              
              
              
              
              
              
              
              
              
              
              
              
              
              
              
              
              
              
              
              
              
              
              
              
              
              
              
              
              
              
              
              
              
              
              
              
              
              
              
              
              
              
              
              
              
              
              
              
              
              
              
              
              
              
              
              
              
              
              
              
              
              
              
              
              
              
              
              
              
              
              
              
              
              
              
              
              
              
              
              
              
              
              
              
              
              
              
              
              
              
              
              
              
              
              
              
              
              
              
              
              
              
              
              
              
              
              
              
              
              
              
              
              
              
              
              
              
              
              
              
              
              
              
              
              
              
              
              
              
              
              
              
              
              
              
              
              
              
              
              
              
              
              
              
              
              
              
              
              
              
              
              
              
              
              
              
              
              
              
              
              
              
              
              
              
              
              
              
              
              
              
              
              
              
              
              
              
              
              
              
              
              
              
              
              
              
              
              
              
              
              
              
              
              
              
              
              
              
              
              
              
              
              
              
            </div>

            
            

            <div class="sub-nav-item columns">
              <a href="/collections/recipes/soup"><span>Soups</span></a>

              
              
              
              
              
              
              
              
              
              
              
              
              
              
              
              
              
              
              
              
              
              
              
              
              
              
              
              
              
              
              
              
              
              
              
              
              
              
              
              
              
              
              
              
              
              
              
              
              
              
              
              
              
              
              
              
              
              
              
              
              
              
              
              
              
              
              
              
              
              
              
              
              
              
              
              
              
              
              
              
              
              
              
              
              
              
              
              
              
              
              
              
              
              
              
              
              
              
              
              
              
              
              
              
              
              
              
              
              
              
              
              
              
              
              
              
              
              
              
              
              
              
              
              
              
              
              
              
              
              
              
              
              
              
              
              
              
              
              
              
              
              
              
              
              
              
              
              
              
              
              
              
              
              
              
              
              
              
              
              
              
              
              
              
              
              
              
              
              
              
              
              
              
              
              
              
              
              
              
              
              
              
              
              
              
              
              
              
              
              
              
              
              
              
              
              
              
              
              
              
              
              
              
              
              
              
              
              
              
              
              
              
              
              
              
              
              
              
              
              
              
              
              
              
              
              
              
              
              
              
              
              
              
              
              
              
              
              
              
              
              
              
              
              
              
              
              
              
              
              
              
              
              
              
              
              
              
              
              
              
              
              
              
              
              
              
              
              
              
              
              
              
              
              
              
              
              
              
              
              
              
              
              
              
              
              
              
              
              
              
              
              
              
              
              
              
              
              
              
              
              
              
              
              
              
              
              
              
              
              
              
              
              
              
              
              
              
              
              
              
              
              
              
              
              
              
              
              
              
              
              
              
              
              
              
              
              
              
              
              
              
              
              
              
              
              
              
              
              
              
              
              
              
              
              
              
              
              
              
              
              
              
              
              
              
              
              
              
              
              
              
              
              
              
              
              
              
              
              
              
              
              
              
              
              
              
              
              
              
              
              
              
            </div>

            
            
          </li>

        </ul>        
        
       
        
        

      
      </li>
    
      <li class="nav-item">
        
        
        
        <a class="nav-item-link" href="/blogs/all">
          Blog
        </a>

        
        

        
        
        
        
       
        
        

      
      </li>
    
      <li class="nav-item">
        
        
        
        <a class="nav-item-link" href="/COVID19Updates" style="background-color: rgb(255, 255, 0); color: rgb(255, 0, 0);"><span style="background-color: rgb(255, 255, 0); color: rgb(255, 0, 0);">COVID-19 UPDATE</span></a>

        
        

        
        
        
        
       
        
        

      
      </li>
    

  </ul>
</nav>




    </div>

    <div class="mobile-grocery-menu">
      <nav role="navigation">
  <ul class="font-nav">

    
    
      <li class="nav-item">
        
        
        
        
        <a class="nav-item-link dropdown-link" href="#">
          Shop Online
        <span aria-hidden="true" class="glyph arrow-dropdown"></span><!--<span aria-hidden="true" class="glyph minus"></span>--></a>
        

        
            <ul class="sub-nav catalog">
              <li class="row">
                

                <div class="sub-nav-item columns" style="display: none;">
                  <a href="/pages/favourites"><span style="text-transform: uppercase;">Favourites</span></a>

                  

                  
                  

                  
                  
                  

                  
                  
                  

                  
                  
                  

                  
                  
                  

                  
                  
                  

                  
                  
                  

                  
                  
                  

                  
                  
                  

                  
                  
                  

                  
                  
                  

                  
                  
                  

                  
                  
                  

                  
                  
                  

                  
                  
                  

                  
                  
                  

                  
                  
                  

                  
                  
                  

                  
                  
                  

                  
                  
                  

                  
                  
                  

                  
                  
                  

                  
                  
                  

                  
                  
                  

                  
                  
                  

                  
                  
                  

                  
                  
                  

                  
                  
                  

                  
                  
                  

                  
                  
                  

                  
                  
                  

                  
                  
                  

                  
                  
                  

                  
                  
                  

                  
                  
                  

                  
                  
                  

                  
                  
                  

                  
                  
                  

                  
                  
                  

                  
                  
                  

                  
                  
                  

                  
                  
                  

                  
                  
                  

                  
                  
                  

                  
                  
                  

                  
                  
                  

                  
                  
                  

                  
                  
                  

                  
                  
                  

                  
                  
                  

                  
                  
                  

                  
                  
                  

                  
                  
                  

                  
                  
                  

                  
                  
                  

                  
                  
                  

                  
                  
                  

                  
                  
                  

                  
                  
                  

                  
                  
                  

                  
                  
                  

                  
                  
                  

                  
                  
                  

                  
                  
                  

                  
                  
                  

                  
                  
                  

                  
                  
                  

                  
                  
                  

                  
                  
                  

                  
                  
                  

                  
                  
                  

                  
                  
                  

                  
                  
                  

                  
                  
                  

                  
                  
                  

                  
                  
                  

                  
                  
                  

                  
                  
                  

                  
                  
                  

                  
                  
                  

                  
                  
                  

                  
                  
                  

                  
                  
                  

                  
                  
                  

                  
                  
                  

                  
                  
                  

                  
                  
                  

                  
                  
                  

                  
                  
                  

                  
                  
                  

                  
                  
                  

                  
                  
                  

                  
                  
                  

                  
                  
                  

                  
                  
                  

                  
                  
                  

                  
                  
                  

                  
                  
                  

                  
                  
                  

                  
                  
                  

                  
                  
                  

                  
                  
                  

                  
                  
                  

                  
                  
                  

                  
                  
                  

                  
                  
                  

                  
                  
                  

                  
                  
                  

                  
                  
                  

                  
                  
                  

                  
                  
                  

                  
                  
                  

                  
                  
                  

                  
                  
                  

                  
                  
                  

                  
                  
                  

                  
                  
                  

                  
                  
                  

                  
                  
                  

                  
                  
                  

                  
                  
                  

                  
                  
                  

                  
                  
                  

                  
                  
                  

                  
                  
                  

                  
                  
                  

                  
                  
                  

                  
                  
                  

                  
                  
                  

                  
                  
                  

                  
                  
                </div>

                
                

                <div class="sub-nav-item columns">
                  <a href="/collections/online-specials" class="dropdown-link"><span style="text-transform: uppercase;">Specials</span><span aria-hidden="true" class="glyph arrow-dropdown" style="text-transform: uppercase;"></span><!--<span aria-hidden="true" class="glyph minus"></span>--></a>

                  

                  
                  

                  
                  
                  

                  
                  
                  

                  
                  
                  

                  
                  
                  

                  
                  
                  

                  
                  
                  

                  
                  
                  

                  
                  
                  

                  
                  
                  

                  
                  
                  

                  
                  
                  

                  
                  
                  

                  
                  
                  

                  
                  
                  

                  
                  
                  

                  
                  
                  

                  
                  
                  

                  
                  
                  

                  
                  
                  

                  
                  
                  

                  
                  
                  

                  
                  
                  

                  
                  
                  

                  
                  
                  

                  
                  
                  

                  
                  
                  

                  
                  
                  

                  
                  
                  

                  
                  
                  

                  
                  
                  

                  
                  
                  

                  
                  
                  

                  
                  
                  

                  
                  
                  

                  
                  
                  

                  
                  
                  

                  
                  
                  

                  
                  
                  

                  
                  
                  

                  
                  
                  

                  
                  
                  

                  
                  
                  

                  
                  
                  

                  
                  
                  

                  
                  
                  

                  
                  
                  

                  
                  
                  

                  
                  
                  

                  
                  
                  

                  
                  
                  

                  
                  
                  

                  
                  
                  

                  
                  
                  

                  
                  
                  

                  
                  
                  

                  
                  
                  

                  
                  
                  

                  
                  
                  

                  
                  
                  

                  
                  
                  

                  
                  
                  

                  
                  
                  

                  
                  
                  

                  
                  
                  

                  
                  
                  

                  
                  
                  

                  
                  
                  

                  
                  
                  

                  
                  
                  

                  
                  
                  

                  
                  
                  

                  
                  
                  

                  
                  
                  

                  
                  
                  

                  
                  
                  

                  
                  
                  

                  
                  
                  

                  
                  
                  

                  
                  
                  

                  
                  
                  

                  
                  
                  

                  
                  
                  

                  
                  
                  

                  
                  
                  

                  
                  
                  

                  
                  
                  

                  
                  
                  

                  
                  
                  

                  
                  
                  

                  
                  
                  

                  
                  
                  

                  
                  
                  

                  
                  
                  

                  
                  
                  

                  
                  
                  

                  
                  
                  

                  
                  
                  

                  
                  
                  

                  
                  
                  

                  
                  
                  

                  
                  
                  

                  
                  
                  

                  
                  
                  

                  
                  
                  

                  
                  
                  

                  
                  
                  

                  
                  
                  

                  
                  
                  

                  
                  
                  

                  
                  
                  

                  
                  
                  

                  
                  
                  

                  
                  
                  

                  
                  
                  

                  
                  
                  

                  
                  
                  

                  
                  
                  

                  
                  
                  

                  
                  
                  

                  
                  
                  

                  
                  
                  

                  
                  
                  

                  
                  
                  

                  
                  
                  

                  
                  
                  

                  
                  
                  

                  
                  <ul class="sub-nav catalog">
                    
                    <li>
                      <a href="/collections/fruit-and-veg-specials" style="font-size:smaller">
                        Fruit &amp; Veg Specials
                      </a>

                      
                    </li>
                    
                    <li>
                      <a href="/collections/grocery-specials" style="font-size:smaller">
                        Grocery Specials
                      </a>

                      
                    </li>
                    
                    <li>
                      <a href="/collections/fridge-specials" style="font-size:smaller">
                        Fridge Specials
                      </a>

                      
                    </li>
                    
                    <li>
                      <a href="/collections/butcher-specials" style="font-size:smaller">
                        Butcher Specials
                      </a>

                      
                    </li>
                    
                    <li>
                      <a href="/collections/seafood-specials" style="font-size:smaller">
                        Seafood Specials
                      </a>

                      
                    </li>
                    
                    <li>
                      <a href="/collections/liquor-specials" style="font-size:smaller">
                        Liquor Specials
                      </a>

                      
                    </li>
                    
                    <li>
                      <a href="/collections/online-specials" style="font-size:smaller">
                        All Specials
                      </a>

                      
                    </li>
                    
                  </ul>
                  
                  
                  

                  
                  
                  

                  
                  
                  

                  
                  
                </div>

                
                

                <div class="sub-nav-item columns">
                  <a href="/collections/new-products"><span style="text-transform: uppercase;">New</span></a>

                  

                  
                  

                  
                  
                  

                  
                  
                  

                  
                  
                  

                  
                  
                  

                  
                  
                  

                  
                  
                  

                  
                  
                  

                  
                  
                  

                  
                  
                  

                  
                  
                  

                  
                  
                  

                  
                  
                  

                  
                  
                  

                  
                  
                  

                  
                  
                  

                  
                  
                  

                  
                  
                  

                  
                  
                  

                  
                  
                  

                  
                  
                  

                  
                  
                  

                  
                  
                  

                  
                  
                  

                  
                  
                  

                  
                  
                  

                  
                  
                  

                  
                  
                  

                  
                  
                  

                  
                  
                  

                  
                  
                  

                  
                  
                  

                  
                  
                  

                  
                  
                  

                  
                  
                  

                  
                  
                  

                  
                  
                  

                  
                  
                  

                  
                  
                  

                  
                  
                  

                  
                  
                  

                  
                  
                  

                  
                  
                  

                  
                  
                  

                  
                  
                  

                  
                  
                  

                  
                  
                  

                  
                  
                  

                  
                  
                  

                  
                  
                  

                  
                  
                  

                  
                  
                  

                  
                  
                  

                  
                  
                  

                  
                  
                  

                  
                  
                  

                  
                  
                  

                  
                  
                  

                  
                  
                  

                  
                  
                  

                  
                  
                  

                  
                  
                  

                  
                  
                  

                  
                  
                  

                  
                  
                  

                  
                  
                  

                  
                  
                  

                  
                  
                  

                  
                  
                  

                  
                  
                  

                  
                  
                  

                  
                  
                  

                  
                  
                  

                  
                  
                  

                  
                  
                  

                  
                  
                  

                  
                  
                  

                  
                  
                  

                  
                  
                  

                  
                  
                  

                  
                  
                  

                  
                  
                  

                  
                  
                  

                  
                  
                  

                  
                  
                  

                  
                  
                  

                  
                  
                  

                  
                  
                  

                  
                  
                  

                  
                  
                  

                  
                  
                  

                  
                  
                  

                  
                  
                  

                  
                  
                  

                  
                  
                  

                  
                  
                  

                  
                  
                  

                  
                  
                  

                  
                  
                  

                  
                  
                  

                  
                  
                  

                  
                  
                  

                  
                  
                  

                  
                  
                  

                  
                  
                  

                  
                  
                  

                  
                  
                  

                  
                  
                  

                  
                  
                  

                  
                  
                  

                  
                  
                  

                  
                  
                  

                  
                  
                  

                  
                  
                  

                  
                  
                  

                  
                  
                  

                  
                  
                  

                  
                  
                  

                  
                  
                  

                  
                  
                  

                  
                  
                  

                  
                  
                  

                  
                  
                  

                  
                  
                  

                  
                  
                  

                  
                  
                  

                  
                  
                  

                  
                  
                  

                  
                  
                  

                  
                  
                  

                  
                  
                </div>

                
                

                <div class="sub-nav-item columns">
                  <a href="/collections/organic" class="dropdown-link"><span style="text-transform: uppercase;">Organic</span><span aria-hidden="true" class="glyph arrow-dropdown" style="text-transform: uppercase;"></span><!--<span aria-hidden="true" class="glyph minus"></span>--></a>

                  

                  
                  

                  
                  
                  

                  
                  
                  

                  
                  
                  

                  
                  
                  

                  
                  
                  

                  
                  
                  

                  
                  
                  

                  
                  
                  

                  
                  
                  

                  
                  
                  

                  
                  
                  

                  
                  
                  

                  
                  
                  

                  
                  
                  

                  
                  
                  

                  
                  
                  

                  
                  
                  

                  
                  
                  

                  
                  
                  

                  
                  
                  

                  
                  
                  

                  
                  
                  

                  
                  
                  

                  
                  
                  

                  
                  
                  

                  
                  
                  

                  
                  
                  

                  
                  
                  

                  
                  
                  

                  
                  
                  

                  
                  <ul class="sub-nav catalog">
                    
                    <li>
                      <a href="/collections/organic-fruit-and-veg" style="font-size:smaller">
                        Organic Fruit &amp; Veg
                      </a>

                      
                    </li>
                    
                    <li>
                      <a href="/collections/organic-pantry" style="font-size:smaller">
                        Organic Groceries
                      </a>

                      
                    </li>
                    
                    <li>
                      <a href="/collections/organic-fridge" style="font-size:smaller">
                        Organic Fridge
                      </a>

                      
                    </li>
                    
                    <li>
                      <a href="/collections/organic-meat" style="font-size:smaller">
                        Organic Meat
                      </a>

                      
                    </li>
                    
                    <li>
                      <a href="/collections/liquor-organic" style="font-size:smaller">
                        Organic Liquor
                      </a>

                      
                    </li>
                    
                    <li>
                      <a href="/collections/organic" style="font-size:smaller">
                        All Organic
                      </a>

                      
                    </li>
                    
                  </ul>
                  
                  
                  

                  
                  
                  

                  
                  
                  

                  
                  
                  

                  
                  
                  

                  
                  
                  

                  
                  
                  

                  
                  
                  

                  
                  
                  

                  
                  
                  

                  
                  
                  

                  
                  
                  

                  
                  
                  

                  
                  
                  

                  
                  
                  

                  
                  
                  

                  
                  
                  

                  
                  
                  

                  
                  
                  

                  
                  
                  

                  
                  
                  

                  
                  
                  

                  
                  
                  

                  
                  
                  

                  
                  
                  

                  
                  
                  

                  
                  
                  

                  
                  
                  

                  
                  
                  

                  
                  
                  

                  
                  
                  

                  
                  
                  

                  
                  
                  

                  
                  
                  

                  
                  
                  

                  
                  
                  

                  
                  
                  

                  
                  
                  

                  
                  
                  

                  
                  
                  

                  
                  
                  

                  
                  
                  

                  
                  
                  

                  
                  
                  

                  
                  
                  

                  
                  
                  

                  
                  
                  

                  
                  
                  

                  
                  
                  

                  
                  
                  

                  
                  
                  

                  
                  
                  

                  
                  
                  

                  
                  
                  

                  
                  
                  

                  
                  
                  

                  
                  
                  

                  
                  
                  

                  
                  
                  

                  
                  
                  

                  
                  
                  

                  
                  
                  

                  
                  
                  

                  
                  
                  

                  
                  
                  

                  
                  
                  

                  
                  
                  

                  
                  
                  

                  
                  
                  

                  
                  
                  

                  
                  
                  

                  
                  
                  

                  
                  
                  

                  
                  
                  

                  
                  
                  

                  
                  
                  

                  
                  
                  

                  
                  
                  

                  
                  
                  

                  
                  
                  

                  
                  
                  

                  
                  
                  

                  
                  
                  

                  
                  
                  

                  
                  
                  

                  
                  
                  

                  
                  
                  

                  
                  
                  

                  
                  
                  

                  
                  
                  

                  
                  
                  

                  
                  
                  

                  
                  
                  

                  
                  
                  

                  
                  
                  

                  
                  
                  

                  
                  
                  

                  
                  
                  

                  
                  
                  

                  
                  
                </div>

                
                

                <div class="sub-nav-item columns">
                  <a href="/collections/fruit" class="dropdown-link"><span style="text-transform: uppercase;">Fruit</span><span aria-hidden="true" class="glyph arrow-dropdown" style="text-transform: uppercase;"></span><!--<span aria-hidden="true" class="glyph minus"></span>--></a>

                  

                  
                  

                  
                  
                  

                  
                  
                  

                  
                  
                  

                  
                  
                  

                  
                  <ul class="sub-nav catalog">
                    
                    <li>
                      <a href="/collections/fruit/apples" style="font-size:smaller">
                        Apples
                      </a>

                      
                    </li>
                    
                    <li>
                      <a href="/collections/bananas" style="font-size:smaller">
                        Bananas
                      </a>

                      
                    </li>
                    
                    <li>
                      <a href="/collections/strawberries-and-other-berries" style="font-size:smaller">
                        Berries
                      </a>

                      
                    </li>
                    
                    <li>
                      <a href="/collections/citrus" style="font-size:smaller">
                        Citrus
                      </a>

                      
                    </li>
                    
                    <li>
                      <a href="/collections/grapes" style="font-size:smaller">
                        Grapes
                      </a>

                      
                    </li>
                    
                    <li>
                      <a href="/collections/imperfect-fruit" style="font-size:smaller">
                        Imperfect Picks
                      </a>

                      
                    </li>
                    
                    <li>
                      <a href="/collections/melons" style="font-size:smaller">
                        Melons
                      </a>

                      
                    </li>
                    
                    <li>
                      <a href="/collections/organic-fruit" style="font-size:smaller">
                        Organic
                      </a>

                      
                    </li>
                    
                    <li>
                      <a href="/collections/pears" style="font-size:smaller">
                        Pears
                      </a>

                      
                    </li>
                    
                    <li>
                      <a href="/collections/peaches-nectarines-and-other-stone-fruit" style="font-size:smaller">
                        Stone Fruits
                      </a>

                      
                    </li>
                    
                    <li>
                      <a href="/collections/tropical-fruit" style="font-size:smaller">
                        Tropical &amp; Exotic
                      </a>

                      
                    </li>
                    
                    <li>
                      <a href="/collections/cut-fruit" style="font-size:smaller">
                        Cut Fruit
                      </a>

                      
                    </li>
                    
                    <li>
                      <a href="/collections/harris-farm-fresh-juices" style="font-size:smaller">
                        Fresh Juices
                      </a>

                      
                    </li>
                    
                    <li>
                      <a href="/collections/wholesale-fruit" style="font-size:smaller">
                        Wholesale Fruit
                      </a>

                      
                    </li>
                    
                    <li>
                      <a href="/collections/fruit" style="font-size:smaller">
                        All Fruit
                      </a>

                      
                    </li>
                    
                    <li>
                      <a href="/collections/fruit-and-vegetables-boxes" style="font-size:smaller">
                        Fruit &amp; Veg Boxes
                      </a>

                      
                    </li>
                    
                    <li>
                      <a href="/collections/fruit-specials" style="font-size:smaller">
                        Fruit Specials
                      </a>

                      
                    </li>
                    
                  </ul>
                  
                  
                  

                  
                  
                  

                  
                  
                  

                  
                  
                  

                  
                  
                  

                  
                  
                  

                  
                  
                  

                  
                  
                  

                  
                  
                  

                  
                  
                  

                  
                  
                  

                  
                  
                  

                  
                  
                  

                  
                  
                  

                  
                  
                  

                  
                  
                  

                  
                  
                  

                  
                  
                  

                  
                  
                  

                  
                  
                  

                  
                  
                  

                  
                  
                  

                  
                  
                  

                  
                  
                  

                  
                  
                  

                  
                  
                  

                  
                  
                  

                  
                  
                  

                  
                  
                  

                  
                  
                  

                  
                  
                  

                  
                  
                  

                  
                  
                  

                  
                  
                  

                  
                  
                  

                  
                  
                  

                  
                  
                  

                  
                  
                  

                  
                  
                  

                  
                  
                  

                  
                  
                  

                  
                  
                  

                  
                  
                  

                  
                  
                  

                  
                  
                  

                  
                  
                  

                  
                  
                  

                  
                  
                  

                  
                  
                  

                  
                  
                  

                  
                  
                  

                  
                  
                  

                  
                  
                  

                  
                  
                  

                  
                  
                  

                  
                  
                  

                  
                  
                  

                  
                  
                  

                  
                  
                  

                  
                  
                  

                  
                  
                  

                  
                  
                  

                  
                  
                  

                  
                  
                  

                  
                  
                  

                  
                  
                  

                  
                  
                  

                  
                  
                  

                  
                  
                  

                  
                  
                  

                  
                  
                  

                  
                  
                  

                  
                  
                  

                  
                  
                  

                  
                  
                  

                  
                  
                  

                  
                  
                  

                  
                  
                  

                  
                  
                  

                  
                  
                  

                  
                  
                  

                  
                  
                  

                  
                  
                  

                  
                  
                  

                  
                  
                  

                  
                  
                  

                  
                  
                  

                  
                  
                  

                  
                  
                  

                  
                  
                  

                  
                  
                  

                  
                  
                  

                  
                  
                  

                  
                  
                  

                  
                  
                  

                  
                  
                  

                  
                  
                  

                  
                  
                  

                  
                  
                  

                  
                  
                  

                  
                  
                  

                  
                  
                  

                  
                  
                  

                  
                  
                  

                  
                  
                  

                  
                  
                  

                  
                  
                  

                  
                  
                  

                  
                  
                  

                  
                  
                  

                  
                  
                  

                  
                  
                  

                  
                  
                  

                  
                  
                  

                  
                  
                  

                  
                  
                  

                  
                  
                  

                  
                  
                  

                  
                  
                  

                  
                  
                  

                  
                  
                  

                  
                  
                  

                  
                  
                  

                  
                  
                  

                  
                  
                  

                  
                  
                </div>

                
                

                <div class="sub-nav-item columns">
                  <a href="/collections/vegies" class="dropdown-link"><span style="text-transform: uppercase;">Vegies</span><span aria-hidden="true" class="glyph arrow-dropdown" style="text-transform: uppercase;"></span><!--<span aria-hidden="true" class="glyph minus"></span>--></a>

                  

                  
                  

                  
                  
                  

                  
                  
                  

                  
                  
                  

                  
                  
                  

                  
                  
                  

                  
                  
                  

                  
                  
                  

                  
                  
                  

                  
                  
                  

                  
                  
                  

                  
                  <ul class="sub-nav catalog">
                    
                    <li>
                      <a href="/collections/asparagus-broccoli-cauliflower" style="font-size:smaller">
                        Asparagus, Broccoli &amp; Cauliflower
                      </a>

                      
                    </li>
                    
                    <li>
                      <a href="/collections/beans-peas-corn" style="font-size:smaller">
                        Beans, Peas &amp; Sweetcorn
                      </a>

                      
                    </li>
                    
                    <li>
                      <a href="/collections/beetroot-radish" style="font-size:smaller">
                        Beetroot &amp; Radish
                      </a>

                      
                    </li>
                    
                    <li>
                      <a href="/collections/capsicums" style="font-size:smaller">
                        Capsicums
                      </a>

                      
                    </li>
                    
                    <li>
                      <a href="/collections/carrots-parsnips-root-vegetables" style="font-size:smaller">
                        Carrots, Parsnips &amp; Root Vegetables
                      </a>

                      
                    </li>
                    
                    <li>
                      <a href="/collections/celery-fennel-rhubarb" style="font-size:smaller">
                        Celery, Fennel &amp; Rhubarb
                      </a>

                      
                    </li>
                    
                    <li>
                      <a href="/collections/cucumbers-eggplant" style="font-size:smaller">
                        Cucumber, Eggplant &amp; Zucchini
                      </a>

                      
                    </li>
                    
                    <li>
                      <a href="/collections/fresh-spices-chillies-ginger" style="font-size:smaller">
                        Fresh Spices, Chillies &amp; Ginger
                      </a>

                      
                    </li>
                    
                    <li>
                      <a href="/collections/imperfect-vegies" style="font-size:smaller">
                        Imperfect Picks
                      </a>

                      
                    </li>
                    
                    <li>
                      <a href="/collections/leaf-vegies" style="font-size:smaller">
                        Leaf Vegetables
                      </a>

                      
                    </li>
                    
                    <li>
                      <a href="/collections/mushrooms" style="font-size:smaller">
                        Mushrooms
                      </a>

                      
                    </li>
                    
                    <li>
                      <a href="/collections/onions-leeks-garlic" style="font-size:smaller">
                        Onions, Leeks &amp; Garlic
                      </a>

                      
                    </li>
                    
                    <li>
                      <a href="/collections/potatoes_kumera-sweet-potatoes" style="font-size:smaller">
                        Potatoes, Kumera &amp; Sweet Potatoes
                      </a>

                      
                    </li>
                    
                    <li>
                      <a href="/collections/pumpkins" style="font-size:smaller">
                        Pumpkins &amp; Squash
                      </a>

                      
                    </li>
                    
                    <li>
                      <a href="/collections/tomatoes" style="font-size:smaller">
                        Tomatoes
                      </a>

                      
                    </li>
                    
                    <li>
                      <a href="/collections/organic-vegies" style="font-size:smaller">
                        Organic
                      </a>

                      
                    </li>
                    
                    <li>
                      <a href="/collections/ready-to-cook-eat" style="font-size:smaller">
                        Cut Veg + Salads
                      </a>

                      
                    </li>
                    
                    <li>
                      <a href="/collections/wholesale-vegetables" style="font-size:smaller">
                        Wholesale Vegetables
                      </a>

                      
                    </li>
                    
                    <li>
                      <a href="/collections/vegies" style="font-size:smaller">
                        All Vegetables
                      </a>

                      
                    </li>
                    
                    <li>
                      <a href="/collections/fruit-and-vegetables-boxes" style="font-size:smaller">
                        Fruit &amp; Veg Boxes
                      </a>

                      
                    </li>
                    
                    <li>
                      <a href="/collections/vegies-specials" style="font-size:smaller">
                        Vegies Specials
                      </a>

                      
                    </li>
                    
                  </ul>
                  
                  
                  

                  
                  
                  

                  
                  
                  

                  
                  
                  

                  
                  
                  

                  
                  
                  

                  
                  
                  

                  
                  
                  

                  
                  
                  

                  
                  
                  

                  
                  
                  

                  
                  
                  

                  
                  
                  

                  
                  
                  

                  
                  
                  

                  
                  
                  

                  
                  
                  

                  
                  
                  

                  
                  
                  

                  
                  
                  

                  
                  
                  

                  
                  
                  

                  
                  
                  

                  
                  
                  

                  
                  
                  

                  
                  
                  

                  
                  
                  

                  
                  
                  

                  
                  
                  

                  
                  
                  

                  
                  
                  

                  
                  
                  

                  
                  
                  

                  
                  
                  

                  
                  
                  

                  
                  
                  

                  
                  
                  

                  
                  
                  

                  
                  
                  

                  
                  
                  

                  
                  
                  

                  
                  
                  

                  
                  
                  

                  
                  
                  

                  
                  
                  

                  
                  
                  

                  
                  
                  

                  
                  
                  

                  
                  
                  

                  
                  
                  

                  
                  
                  

                  
                  
                  

                  
                  
                  

                  
                  
                  

                  
                  
                  

                  
                  
                  

                  
                  
                  

                  
                  
                  

                  
                  
                  

                  
                  
                  

                  
                  
                  

                  
                  
                  

                  
                  
                  

                  
                  
                  

                  
                  
                  

                  
                  
                  

                  
                  
                  

                  
                  
                  

                  
                  
                  

                  
                  
                  

                  
                  
                  

                  
                  
                  

                  
                  
                  

                  
                  
                  

                  
                  
                  

                  
                  
                  

                  
                  
                  

                  
                  
                  

                  
                  
                  

                  
                  
                  

                  
                  
                  

                  
                  
                  

                  
                  
                  

                  
                  
                  

                  
                  
                  

                  
                  
                  

                  
                  
                  

                  
                  
                  

                  
                  
                  

                  
                  
                  

                  
                  
                  

                  
                  
                  

                  
                  
                  

                  
                  
                  

                  
                  
                  

                  
                  
                  

                  
                  
                  

                  
                  
                  

                  
                  
                  

                  
                  
                  

                  
                  
                  

                  
                  
                  

                  
                  
                  

                  
                  
                  

                  
                  
                  

                  
                  
                  

                  
                  
                  

                  
                  
                  

                  
                  
                  

                  
                  
                  

                  
                  
                  

                  
                  
                  

                  
                  
                  

                  
                  
                  

                  
                  
                  

                  
                  
                  

                  
                  
                  

                  
                  
                  

                  
                  
                  

                  
                  
                </div>

                
                

                <div class="sub-nav-item columns">
                  <a href="/collections/groceries" class="dropdown-link"><span style="text-transform: uppercase;">Grocery</span><span aria-hidden="true" class="glyph arrow-dropdown" style="text-transform: uppercase;"></span><!--<span aria-hidden="true" class="glyph minus"></span>--></a>

                  

                  
                  

                  
                  
                  

                  
                  
                  

                  
                  <ul class="sub-nav catalog">
                    
                    <li>
                      <a href="/collections/groceries/Antipasti" style="font-size:smaller">
                        Antipasti &amp; Pickled Veg
                      </a>

                      
                    </li>
                    
                    <li>
                      <a href="/collections/groceries/Asian-Ingredients" style="font-size:smaller">
                        International Foods
                      </a>

                      
                    </li>
                    
                    <li>
                      <a href="/collections/bakery" style="font-size:smaller">
                        Bakery
                      </a>

                      
                    </li>
                    
                    <li>
                      <a href="/collections/biscuits-and-cookies" style="font-size:smaller">
                        Biscuits &amp; Cookies
                      </a>

                      
                    </li>
                    
                    <li>
                      <a href="/collections/crackers-and-flatbreads" style="font-size:smaller">
                        Crackers &amp; Flatbreads
                      </a>

                      
                    </li>
                    
                    <li>
                      <a href="/collections/breakfast-cereal" style="font-size:smaller">
                        Breakfast
                      </a>

                      
                    </li>
                    
                    <li>
                      <a href="/collections/canned-fish" style="font-size:smaller">
                        Canned Fish
                      </a>

                      
                    </li>
                    
                    <li>
                      <a href="/collections/canned-fruit-veg" style="font-size:smaller">
                        Canned Fruit &amp; Veg
                      </a>

                      
                    </li>
                    
                    <li>
                      <a href="/collections/confection" style="font-size:smaller">
                        Snacks &amp; Confectionery
                      </a>

                      
                    </li>
                    
                    <li>
                      <a href="/collections/coffee-tea" style="font-size:smaller">
                        Tea &amp; Coffee
                      </a>

                      
                    </li>
                    
                    <li>
                      <a href="/collections/drinks-exclude-milk" style="font-size:smaller">
                        Drinks
                      </a>

                      
                    </li>
                    
                    <li>
                      <a href="/collections/grocery-mixers-and-alcohol-free" style="font-size:smaller">
                        Mixers and Alcohol Free
                      </a>

                      
                    </li>
                    
                    <li>
                      <a href="/collections/long-life-milk" style="font-size:smaller">
                        Long Life Milk
                      </a>

                      
                    </li>
                    
                    <li>
                      <a href="/collections/cooking-essentials" style="font-size:smaller">
                        Cooking Essentials
                      </a>

                      
                    </li>
                    
                    <li>
                      <a href="/collections/eggs-1" style="font-size:smaller">
                        Eggs
                      </a>

                      
                    </li>
                    
                    <li>
                      <a href="/collections/herbs-spices-dried" style="font-size:smaller">
                        Herbs &amp; Spices
                      </a>

                      
                    </li>
                    
                    <li>
                      <a href="/collections/spreads-grocery" style="font-size:smaller">
                        Spreads
                      </a>

                      
                    </li>
                    
                    <li>
                      <a href="/collections/kids-grocery" style="font-size:smaller">
                        Kids
                      </a>

                      
                    </li>
                    
                    <li>
                      <a href="/collections/nuts-mixes-seeds" style="font-size:smaller">
                        Nuts, Seeds &amp; Dried Fruits
                      </a>

                      
                    </li>
                    
                    <li>
                      <a href="/collections/pasta-pasta-sauces" style="font-size:smaller">
                        Pasta &amp; Pasta Sauces
                      </a>

                      
                    </li>
                    
                    <li>
                      <a href="/collections/rice-noodle-cous-cous-and-quinoa" style="font-size:smaller">
                        Rice, Noodles &amp; Grains
                      </a>

                      
                    </li>
                    
                    <li>
                      <a href="/collections/condiments-1" style="font-size:smaller">
                        Condiments
                      </a>

                      
                    </li>
                    
                    <li>
                      <a href="/collections/health-foods" style="font-size:smaller">
                        Health Foods
                      </a>

                      
                    </li>
                    
                    <li>
                      <a href="/collections/personal-hygiene" style="font-size:smaller">
                        Personal Care
                      </a>

                      
                    </li>
                    
                    <li>
                      <a href="/collections/home-essentials" style="font-size:smaller">
                        Home Essentials
                      </a>

                      
                    </li>
                    
                    <li>
                      <a href="/collections/grocery-gluten-free" style="font-size:smaller">
                        Gluten Free
                      </a>

                      
                    </li>
                    
                    <li>
                      <a href="/collections/regen-products-grocery" style="font-size:smaller">
                        Regen
                      </a>

                      
                    </li>
                    
                    <li>
                      <a href="/collections/plastic-free" style="font-size:smaller">
                        Plastic Free
                      </a>

                      
                    </li>
                    
                    <li>
                      <a href="/collections/groceries/Kosher" style="font-size:smaller">
                        Kosher
                      </a>

                      
                    </li>
                    
                    <li>
                      <a href="/collections/groceries" style="font-size:smaller">
                        All Grocery
                      </a>

                      
                    </li>
                    
                    <li>
                      <a href="/collections/grocery-specials" style="font-size:smaller">
                        Grocery Specials
                      </a>

                      
                    </li>
                    
                  </ul>
                  
                  
                  

                  
                  
                  

                  
                  
                  

                  
                  
                  

                  
                  
                  

                  
                  
                  

                  
                  
                  

                  
                  
                  

                  
                  
                  

                  
                  
                  

                  
                  
                  

                  
                  
                  

                  
                  
                  

                  
                  
                  

                  
                  
                  

                  
                  
                  

                  
                  
                  

                  
                  
                  

                  
                  
                  

                  
                  
                  

                  
                  
                  

                  
                  
                  

                  
                  
                  

                  
                  
                  

                  
                  
                  

                  
                  
                  

                  
                  
                  

                  
                  
                  

                  
                  
                  

                  
                  
                  

                  
                  
                  

                  
                  
                  

                  
                  
                  

                  
                  
                  

                  
                  
                  

                  
                  
                  

                  
                  
                  

                  
                  
                  

                  
                  
                  

                  
                  
                  

                  
                  
                  

                  
                  
                  

                  
                  
                  

                  
                  
                  

                  
                  
                  

                  
                  
                  

                  
                  
                  

                  
                  
                  

                  
                  
                  

                  
                  
                  

                  
                  
                  

                  
                  
                  

                  
                  
                  

                  
                  
                  

                  
                  
                  

                  
                  
                  

                  
                  
                  

                  
                  
                  

                  
                  
                  

                  
                  
                  

                  
                  
                  

                  
                  
                  

                  
                  
                  

                  
                  
                  

                  
                  
                  

                  
                  
                  

                  
                  
                  

                  
                  
                  

                  
                  
                  

                  
                  
                  

                  
                  
                  

                  
                  
                  

                  
                  
                  

                  
                  
                  

                  
                  
                  

                  
                  
                  

                  
                  
                  

                  
                  
                  

                  
                  
                  

                  
                  
                  

                  
                  
                  

                  
                  
                  

                  
                  
                  

                  
                  
                  

                  
                  
                  

                  
                  
                  

                  
                  
                  

                  
                  
                  

                  
                  
                  

                  
                  
                  

                  
                  
                  

                  
                  
                  

                  
                  
                  

                  
                  
                  

                  
                  
                  

                  
                  
                  

                  
                  
                  

                  
                  
                  

                  
                  
                  

                  
                  
                  

                  
                  
                  

                  
                  
                  

                  
                  
                  

                  
                  
                  

                  
                  
                  

                  
                  
                  

                  
                  
                  

                  
                  
                  

                  
                  
                  

                  
                  
                  

                  
                  
                  

                  
                  
                  

                  
                  
                  

                  
                  
                  

                  
                  
                  

                  
                  
                  

                  
                  
                  

                  
                  
                  

                  
                  
                  

                  
                  
                  

                  
                  
                  

                  
                  
                  

                  
                  
                  

                  
                  
                  

                  
                  
                  

                  
                  
                  

                  
                  
                  

                  
                  
                </div>

                
                

                <div class="sub-nav-item columns">
                  <a href="/collections/fridge" class="dropdown-link"><span style="text-transform: uppercase;">Fridge</span><span aria-hidden="true" class="glyph arrow-dropdown" style="text-transform: uppercase;"></span><!--<span aria-hidden="true" class="glyph minus"></span>--></a>

                  

                  
                  

                  
                  
                  

                  
                  
                  

                  
                  
                  

                  
                  
                  

                  
                  
                  

                  
                  <ul class="sub-nav catalog">
                    
                    <li>
                      <a href="/collections/butter" style="font-size:smaller">
                        Butter
                      </a>

                      
                    </li>
                    
                    <li>
                      <a href="/collections/cheese" style="font-size:smaller">
                        Cheese
                      </a>

                      
                    </li>
                    
                    <li>
                      <a href="/collections/eggs-1" style="font-size:smaller">
                        Eggs
                      </a>

                      
                    </li>
                    
                    <li>
                      <a href="/collections/milk" style="font-size:smaller">
                        Milk
                      </a>

                      
                    </li>
                    
                    <li>
                      <a href="/collections/yoghurt" style="font-size:smaller">
                        Yoghurt
                      </a>

                      
                    </li>
                    
                    <li>
                      <a href="/collections/asian-specialty-fridge" style="font-size:smaller">
                        Asian Specialty
                      </a>

                      
                    </li>
                    
                    <li>
                      <a href="/collections/deli-meats" style="font-size:smaller">
                        Deli
                      </a>

                      
                    </li>
                    
                    <li>
                      <a href="/collections/dessert" style="font-size:smaller">
                        Desserts
                      </a>

                      
                    </li>
                    
                    <li>
                      <a href="/collections/deli-dips" style="font-size:smaller">
                        Dips, Pate &amp; Antipasti
                      </a>

                      
                    </li>
                    
                    <li>
                      <a href="/collections/drinks-and-juices" style="font-size:smaller">
                        Drinks &amp; Juices
                      </a>

                      
                    </li>
                    
                    <li>
                      <a href="/collections/entertaining-bundles" style="font-size:smaller">
                        Entertaining Bundles
                      </a>

                      
                    </li>
                    
                    <li>
                      <a href="/collections/fermented-pickles" style="font-size:smaller">
                        Fermented &amp; Pickles
                      </a>

                      
                    </li>
                    
                    <li>
                      <a href="/collections/fridge-gluten-free" style="font-size:smaller">
                        Gluten Free
                      </a>

                      
                    </li>
                    
                    <li>
                      <a href="/collections/ready-to-eat" style="font-size:smaller">
                        Ready to Eat
                      </a>

                      
                    </li>
                    
                    <li>
                      <a href="/collections/fridge-vegan-range" style="font-size:smaller">
                        Vegan
                      </a>

                      
                    </li>
                    
                    <li>
                      <a href="/collections/regen-products-fridge" style="font-size:smaller">
                        Regen
                      </a>

                      
                    </li>
                    
                    <li>
                      <a href="/collections/fridge-collection/Kosher" style="font-size:smaller">
                        Kosher
                      </a>

                      
                    </li>
                    
                    <li>
                      <a href="/collections/fridge" style="font-size:smaller">
                        All Fridge
                      </a>

                      
                    </li>
                    
                    <li>
                      <a href="/collections/fridge-specials" style="font-size:smaller">
                        Fridge Specials
                      </a>

                      
                    </li>
                    
                  </ul>
                  
                  
                  

                  
                  
                  

                  
                  
                  

                  
                  
                  

                  
                  
                  

                  
                  
                  

                  
                  
                  

                  
                  
                  

                  
                  
                  

                  
                  
                  

                  
                  
                  

                  
                  
                  

                  
                  
                  

                  
                  
                  

                  
                  
                  

                  
                  
                  

                  
                  
                  

                  
                  
                  

                  
                  
                  

                  
                  
                  

                  
                  
                  

                  
                  
                  

                  
                  
                  

                  
                  
                  

                  
                  
                  

                  
                  
                  

                  
                  
                  

                  
                  
                  

                  
                  
                  

                  
                  
                  

                  
                  
                  

                  
                  
                  

                  
                  
                  

                  
                  
                  

                  
                  
                  

                  
                  
                  

                  
                  
                  

                  
                  
                  

                  
                  
                  

                  
                  
                  

                  
                  
                  

                  
                  
                  

                  
                  
                  

                  
                  
                  

                  
                  
                  

                  
                  
                  

                  
                  
                  

                  
                  
                  

                  
                  
                  

                  
                  
                  

                  
                  
                  

                  
                  
                  

                  
                  
                  

                  
                  
                  

                  
                  
                  

                  
                  
                  

                  
                  
                  

                  
                  
                  

                  
                  
                  

                  
                  
                  

                  
                  
                  

                  
                  
                  

                  
                  
                  

                  
                  
                  

                  
                  
                  

                  
                  
                  

                  
                  
                  

                  
                  
                  

                  
                  
                  

                  
                  
                  

                  
                  
                  

                  
                  
                  

                  
                  
                  

                  
                  
                  

                  
                  
                  

                  
                  
                  

                  
                  
                  

                  
                  
                  

                  
                  
                  

                  
                  
                  

                  
                  
                  

                  
                  
                  

                  
                  
                  

                  
                  
                  

                  
                  
                  

                  
                  
                  

                  
                  
                  

                  
                  
                  

                  
                  
                  

                  
                  
                  

                  
                  
                  

                  
                  
                  

                  
                  
                  

                  
                  
                  

                  
                  
                  

                  
                  
                  

                  
                  
                  

                  
                  
                  

                  
                  
                  

                  
                  
                  

                  
                  
                  

                  
                  
                  

                  
                  
                  

                  
                  
                  

                  
                  
                  

                  
                  
                  

                  
                  
                  

                  
                  
                  

                  
                  
                  

                  
                  
                  

                  
                  
                  

                  
                  
                  

                  
                  
                  

                  
                  
                  

                  
                  
                  

                  
                  
                  

                  
                  
                  

                  
                  
                  

                  
                  
                  

                  
                  
                  

                  
                  
                  

                  
                  
                  

                  
                  
                  

                  
                  
                  

                  
                  
                </div>

                
                

                <div class="sub-nav-item columns">
                  <a href="/collections/butcher" class="dropdown-link"><span style="text-transform: uppercase;">Butcher</span><span aria-hidden="true" class="glyph arrow-dropdown" style="text-transform: uppercase;"></span><!--<span aria-hidden="true" class="glyph minus"></span>--></a>

                  

                  
                  

                  
                  
                  

                  
                  
                  

                  
                  
                  

                  
                  
                  

                  
                  
                  

                  
                  
                  

                  
                  
                  

                  
                  
                  

                  
                  
                  

                  
                  <ul class="sub-nav catalog">
                    
                    <li>
                      <a href="/collections/beef" style="font-size:smaller">
                        Beef
                      </a>

                      
                    </li>
                    
                    <li>
                      <a href="/collections/chicken-other-poultry" style="font-size:smaller">
                        Chicken
                      </a>

                      
                    </li>
                    
                    <li>
                      <a href="/collections/lamb" style="font-size:smaller">
                        Lamb
                      </a>

                      
                    </li>
                    
                    <li>
                      <a href="/collections/pork" style="font-size:smaller">
                        Pork
                      </a>

                      
                    </li>
                    
                    <li>
                      <a href="/collections/bbq-sausages-mince" style="font-size:smaller">
                        Burgers &amp; Sausages
                      </a>

                      
                    </li>
                    
                    <li>
                      <a href="/collections/deli-meats" style="font-size:smaller">
                        Deli
                      </a>

                      
                    </li>
                    
                    <li>
                      <a href="/collections/kangaroo" style="font-size:smaller">
                        Game Meats
                      </a>

                      
                    </li>
                    
                    <li>
                      <a href="/collections/mince" style="font-size:smaller">
                        Mince
                      </a>

                      
                    </li>
                    
                    <li>
                      <a href="/collections/organic-meats" style="font-size:smaller">
                        Organics Meats
                      </a>

                      
                    </li>
                    
                    <li>
                      <a href="/collections/curious-cuts" style="font-size:smaller">
                        Curious Cuts
                      </a>

                      
                    </li>
                    
                    <li>
                      <a href="/collections/everyday-market-value" style="font-size:smaller">
                        Everyday Market Value
                      </a>

                      
                    </li>
                    
                    <li>
                      <a href="/collections/regen-products-butcher" style="font-size:smaller">
                        Regen
                      </a>

                      
                    </li>
                    
                    <li>
                      <a href="/collections/butcher" style="font-size:smaller">
                        All Butcher
                      </a>

                      
                    </li>
                    
                    <li>
                      <a href="/collections/butcher-specials" style="font-size:smaller">
                        Butcher Specials
                      </a>

                      
                    </li>
                    
                  </ul>
                  
                  
                  

                  
                  
                  

                  
                  
                  

                  
                  
                  

                  
                  
                  

                  
                  
                  

                  
                  
                  

                  
                  
                  

                  
                  
                  

                  
                  
                  

                  
                  
                  

                  
                  
                  

                  
                  
                  

                  
                  
                  

                  
                  
                  

                  
                  
                  

                  
                  
                  

                  
                  
                  

                  
                  
                  

                  
                  
                  

                  
                  
                  

                  
                  
                  

                  
                  
                  

                  
                  
                  

                  
                  
                  

                  
                  
                  

                  
                  
                  

                  
                  
                  

                  
                  
                  

                  
                  
                  

                  
                  
                  

                  
                  
                  

                  
                  
                  

                  
                  
                  

                  
                  
                  

                  
                  
                  

                  
                  
                  

                  
                  
                  

                  
                  
                  

                  
                  
                  

                  
                  
                  

                  
                  
                  

                  
                  
                  

                  
                  
                  

                  
                  
                  

                  
                  
                  

                  
                  
                  

                  
                  
                  

                  
                  
                  

                  
                  
                  

                  
                  
                  

                  
                  
                  

                  
                  
                  

                  
                  
                  

                  
                  
                  

                  
                  
                  

                  
                  
                  

                  
                  
                  

                  
                  
                  

                  
                  
                  

                  
                  
                  

                  
                  
                  

                  
                  
                  

                  
                  
                  

                  
                  
                  

                  
                  
                  

                  
                  
                  

                  
                  
                  

                  
                  
                  

                  
                  
                  

                  
                  
                  

                  
                  
                  

                  
                  
                  

                  
                  
                  

                  
                  
                  

                  
                  
                  

                  
                  
                  

                  
                  
                  

                  
                  
                  

                  
                  
                  

                  
                  
                  

                  
                  
                  

                  
                  
                  

                  
                  
                  

                  
                  
                  

                  
                  
                  

                  
                  
                  

                  
                  
                  

                  
                  
                  

                  
                  
                  

                  
                  
                  

                  
                  
                  

                  
                  
                  

                  
                  
                  

                  
                  
                  

                  
                  
                  

                  
                  
                  

                  
                  
                  

                  
                  
                  

                  
                  
                  

                  
                  
                  

                  
                  
                  

                  
                  
                  

                  
                  
                  

                  
                  
                  

                  
                  
                  

                  
                  
                  

                  
                  
                  

                  
                  
                  

                  
                  
                  

                  
                  
                  

                  
                  
                  

                  
                  
                  

                  
                  
                  

                  
                  
                  

                  
                  
                  

                  
                  
                  

                  
                  
                  

                  
                  
                  

                  
                  
                  

                  
                  
                </div>

                
                

                <div class="sub-nav-item columns">
                  <a href="/collections/seafood" class="dropdown-link"><span style="text-transform: uppercase;">Seafood</span><span aria-hidden="true" class="glyph arrow-dropdown" style="text-transform: uppercase;"></span><!--<span aria-hidden="true" class="glyph minus"></span>--></a>

                  

                  
                  

                  
                  
                  

                  
                  
                  

                  
                  
                  

                  
                  
                  

                  
                  
                  

                  
                  
                  

                  
                  
                  

                  
                  
                  

                  
                  
                  

                  
                  
                  

                  
                  
                  

                  
                  
                  

                  
                  
                  

                  
                  
                  

                  
                  
                  

                  
                  
                  

                  
                  
                  

                  
                  
                  

                  
                  
                  

                  
                  
                  

                  
                  
                  

                  
                  
                  

                  
                  
                  

                  
                  
                  

                  
                  
                  

                  
                  
                  

                  
                  
                  

                  
                  
                  

                  
                  
                  

                  
                  
                  

                  
                  
                  

                  
                  
                  

                  
                  
                  

                  
                  
                  

                  
                  
                  

                  
                  
                  

                  
                  
                  

                  
                  
                  

                  
                  
                  

                  
                  
                  

                  
                  
                  

                  
                  
                  

                  
                  
                  

                  
                  
                  

                  
                  
                  

                  
                  
                  

                  
                  
                  

                  
                  
                  

                  
                  
                  

                  
                  
                  

                  
                  
                  

                  
                  
                  

                  
                  
                  

                  
                  
                  

                  
                  
                  

                  
                  
                  

                  
                  
                  

                  
                  
                  

                  
                  
                  

                  
                  
                  

                  
                  
                  

                  
                  
                  

                  
                  
                  

                  
                  
                  

                  
                  
                  

                  
                  
                  

                  
                  
                  

                  
                  
                  

                  
                  
                  

                  
                  
                  

                  
                  
                  

                  
                  
                  

                  
                  
                  

                  
                  
                  

                  
                  
                  

                  
                  
                  

                  
                  
                  

                  
                  
                  

                  
                  
                  

                  
                  
                  

                  
                  
                  

                  
                  
                  

                  
                  
                  

                  
                  
                  

                  
                  
                  

                  
                  
                  

                  
                  
                  

                  
                  
                  

                  
                  
                  

                  
                  
                  

                  
                  
                  

                  
                  
                  

                  
                  
                  

                  
                  
                  

                  
                  
                  

                  
                  
                  

                  
                  
                  

                  
                  
                  

                  
                  
                  

                  
                  
                  

                  
                  
                  

                  
                  
                  

                  
                  
                  

                  
                  
                  

                  
                  
                  

                  
                  
                  

                  
                  
                  

                  
                  
                  

                  
                  
                  

                  
                  
                  

                  
                  
                  

                  
                  
                  

                  
                  
                  

                  
                  
                  

                  
                  
                  

                  
                  
                  

                  
                  
                  

                  
                  
                  

                  
                  
                  

                  
                  
                  

                  
                  <ul class="sub-nav catalog">
                    
                    <li>
                      <a href="/collections/fresh-fish" style="font-size:smaller">
                        Fresh Fish
                      </a>

                      
                    </li>
                    
                    <li>
                      <a href="/collections/sydney-fresh-seafood" style="font-size:smaller">
                        Sydney Fresh Seafood
                      </a>

                      
                    </li>
                    
                    <li>
                      <a href="/collections/salmon-trout" style="font-size:smaller">
                        Smoked Seafood
                      </a>

                      
                    </li>
                    
                    <li>
                      <a href="/collections/crustaceans-shellfish" style="font-size:smaller">
                        Crustaceans &amp; Shellfish
                      </a>

                      
                    </li>
                    
                    <li>
                      <a href="/collections/calamari-mixed-seafood" style="font-size:smaller">
                        Calamari &amp; Mixed Seafood
                      </a>

                      
                    </li>
                    
                    <li>
                      <a href="/collections/seafood/Kosher" style="font-size:smaller">
                        Kosher 
                      </a>

                      
                    </li>
                    
                    <li>
                      <a href="/collections/seafood" style="font-size:smaller">
                        All Seafood
                      </a>

                      
                    </li>
                    
                    <li>
                      <a href="/collections/seafood-specials" style="font-size:smaller">
                        Seafood Specials
                      </a>

                      
                    </li>
                    
                  </ul>
                  
                  
                  

                  
                  
                  

                  
                  
                  

                  
                  
                  

                  
                  
                  

                  
                  
                  

                  
                  
                  

                  
                  
                  

                  
                  
                  

                  
                  
                </div>

                
                

                <div class="sub-nav-item columns">
                  <a href="/collections/liquor" class="dropdown-link"><span style="text-transform: uppercase;">Liquor</span><span aria-hidden="true" class="glyph arrow-dropdown" style="text-transform: uppercase;"></span><!--<span aria-hidden="true" class="glyph minus"></span>--></a>

                  

                  
                  

                  
                  
                  

                  
                  
                  

                  
                  
                  

                  
                  
                  

                  
                  
                  

                  
                  
                  

                  
                  
                  

                  
                  
                  

                  
                  
                  

                  
                  
                  

                  
                  
                  

                  
                  
                  

                  
                  
                  

                  
                  
                  

                  
                  
                  

                  
                  
                  

                  
                  
                  

                  
                  
                  

                  
                  
                  

                  
                  
                  

                  
                  
                  

                  
                  
                  

                  
                  
                  

                  
                  
                  

                  
                  
                  

                  
                  
                  

                  
                  
                  

                  
                  
                  

                  
                  
                  

                  
                  
                  

                  
                  
                  

                  
                  
                  

                  
                  
                  

                  
                  
                  

                  
                  
                  

                  
                  
                  

                  
                  
                  

                  
                  
                  

                  
                  
                  

                  
                  
                  

                  
                  
                  

                  
                  
                  

                  
                  
                  

                  
                  
                  

                  
                  
                  

                  
                  
                  

                  
                  
                  

                  
                  
                  

                  
                  
                  

                  
                  
                  

                  
                  
                  

                  
                  
                  

                  
                  
                  

                  
                  
                  

                  
                  
                  

                  
                  
                  

                  
                  
                  

                  
                  
                  

                  
                  
                  

                  
                  
                  

                  
                  
                  

                  
                  
                  

                  
                  
                  

                  
                  
                  

                  
                  
                  

                  
                  
                  

                  
                  
                  

                  
                  
                  

                  
                  
                  

                  
                  
                  

                  
                  
                  

                  
                  
                  

                  
                  
                  

                  
                  
                  

                  
                  
                  

                  
                  
                  

                  
                  
                  

                  
                  
                  

                  
                  
                  

                  
                  
                  

                  
                  
                  

                  
                  
                  

                  
                  
                  

                  
                  
                  

                  
                  
                  

                  
                  
                  

                  
                  
                  

                  
                  
                  

                  
                  
                  

                  
                  
                  

                  
                  
                  

                  
                  
                  

                  
                  
                  

                  
                  
                  

                  
                  
                  

                  
                  
                  

                  
                  
                  

                  
                  
                  

                  
                  
                  

                  
                  
                  

                  
                  
                  

                  
                  
                  

                  
                  
                  

                  
                  
                  

                  
                  
                  

                  
                  
                  

                  
                  
                  

                  
                  
                  

                  
                  
                  

                  
                  
                  

                  
                  
                  

                  
                  
                  

                  
                  
                  

                  
                  
                  

                  
                  
                  

                  
                  
                  

                  
                  
                  

                  
                  
                  

                  
                  
                  

                  
                  
                  

                  
                  
                  

                  
                  
                  

                  
                  <ul class="sub-nav catalog">
                    
                    <li>
                      <a href="/collections/beer-and-cider" style="font-size:smaller">
                        Beer and Cider
                      </a>

                      
                    </li>
                    
                    <li>
                      <a href="/collections/white-wine" style="font-size:smaller">
                        White Wine
                      </a>

                      
                    </li>
                    
                    <li>
                      <a href="/collections/red-wine" style="font-size:smaller">
                        Red Wine
                      </a>

                      
                    </li>
                    
                    <li>
                      <a href="/collections/rose-wine" style="font-size:smaller">
                        Ros Wine
                      </a>

                      
                    </li>
                    
                    <li>
                      <a href="/collections/natural-wines-continental-platter" style="font-size:smaller">
                        Natural Wines
                      </a>

                      
                    </li>
                    
                    <li>
                      <a href="/collections/champagne-and-sparkling" style="font-size:smaller">
                        Champagne and Sparkling
                      </a>

                      
                    </li>
                    
                    <li>
                      <a href="/collections/fortified-wine" style="font-size:smaller">
                        Fortified Wine
                      </a>

                      
                    </li>
                    
                    <li>
                      <a href="/collections/spirits" style="font-size:smaller">
                        Spirits
                      </a>

                      
                    </li>
                    
                    <li>
                      <a href="/collections/premixed" style="font-size:smaller">
                        Premixed
                      </a>

                      
                    </li>
                    
                    <li>
                      <a href="/collections/liquor-mixers-and-alcohol-free" style="font-size:smaller">
                        Mixers and Alcohol Free
                      </a>

                      
                    </li>
                    
                    <li>
                      <a href="/collections/liquor-organic" style="font-size:smaller">
                        Organic
                      </a>

                      
                    </li>
                    
                    <li>
                      <a href="/collections/liquor-bundle" style="font-size:smaller">
                        Liquor Bundles
                      </a>

                      
                    </li>
                    
                    <li>
                      <a href="/collections/liquor-case-sale" style="font-size:smaller">
                        Liquor Cases
                      </a>

                      
                    </li>
                    
                    <li>
                      <a href="/collections/liquor" style="font-size:smaller">
                        All Liquor
                      </a>

                      
                    </li>
                    
                    <li>
                      <a href="/collections/liquor-specials" style="font-size:smaller">
                        Liquor Specials
                      </a>

                      
                    </li>
                    
                  </ul>
                  
                  
                  

                  
                  
                  

                  
                  
                  

                  
                  
                  

                  
                  
                  

                  
                  
                  

                  
                  
                  

                  
                  
                </div>

                
                

                <div class="sub-nav-item columns">
                  <a href="/collections/value-boxes"><span style="text-transform: uppercase;">Value Boxes</span></a>

                  

                  
                  

                  
                  
                  

                  
                  
                  

                  
                  
                  

                  
                  
                  

                  
                  
                  

                  
                  
                  

                  
                  
                  

                  
                  
                  

                  
                  
                  

                  
                  
                  

                  
                  
                  

                  
                  
                  

                  
                  
                  

                  
                  
                  

                  
                  
                  

                  
                  
                  

                  
                  
                  

                  
                  
                  

                  
                  
                  

                  
                  
                  

                  
                  
                  

                  
                  
                  

                  
                  
                  

                  
                  
                  

                  
                  
                  

                  
                  
                  

                  
                  
                  

                  
                  
                  

                  
                  
                  

                  
                  
                  

                  
                  
                  

                  
                  
                  

                  
                  
                  

                  
                  
                  

                  
                  
                  

                  
                  
                  

                  
                  
                  

                  
                  
                  

                  
                  
                  

                  
                  
                  

                  
                  
                  

                  
                  
                  

                  
                  
                  

                  
                  
                  

                  
                  
                  

                  
                  
                  

                  
                  
                  

                  
                  
                  

                  
                  
                  

                  
                  
                  

                  
                  
                  

                  
                  
                  

                  
                  
                  

                  
                  
                  

                  
                  
                  

                  
                  
                  

                  
                  
                  

                  
                  
                  

                  
                  
                  

                  
                  
                  

                  
                  
                  

                  
                  
                  

                  
                  
                  

                  
                  
                  

                  
                  
                  

                  
                  
                  

                  
                  
                  

                  
                  
                  

                  
                  
                  

                  
                  
                  

                  
                  
                  

                  
                  
                  

                  
                  
                  

                  
                  
                  

                  
                  
                  

                  
                  
                  

                  
                  
                  

                  
                  
                  

                  
                  
                  

                  
                  
                  

                  
                  
                  

                  
                  
                  

                  
                  
                  

                  
                  
                  

                  
                  
                  

                  
                  
                  

                  
                  
                  

                  
                  
                  

                  
                  
                  

                  
                  
                  

                  
                  
                  

                  
                  
                  

                  
                  
                  

                  
                  
                  

                  
                  
                  

                  
                  
                  

                  
                  
                  

                  
                  
                  

                  
                  
                  

                  
                  
                  

                  
                  
                  

                  
                  
                  

                  
                  
                  

                  
                  
                  

                  
                  
                  

                  
                  
                  

                  
                  
                  

                  
                  
                  

                  
                  
                  

                  
                  
                  

                  
                  
                  

                  
                  
                  

                  
                  
                  

                  
                  
                  

                  
                  
                  

                  
                  
                  

                  
                  
                  

                  
                  
                  

                  
                  
                  

                  
                  
                  

                  
                  
                  

                  
                  
                  

                  
                  
                  

                  
                  
                  

                  
                  
                  

                  
                  
                  

                  
                  
                  

                  
                  
                  

                  
                  
                  

                  
                  
                </div>

                
                

                <div class="sub-nav-item columns">
                  <a href="/collections/ready-to-cook"><span style="text-transform: uppercase;">Ready to Cook</span></a>

                  

                  
                  

                  
                  
                  

                  
                  
                  

                  
                  
                  

                  
                  
                  

                  
                  
                  

                  
                  
                  

                  
                  
                  

                  
                  
                  

                  
                  
                  

                  
                  
                  

                  
                  
                  

                  
                  
                  

                  
                  
                  

                  
                  
                  

                  
                  
                  

                  
                  
                  

                  
                  
                  

                  
                  
                  

                  
                  
                  

                  
                  
                  

                  
                  
                  

                  
                  
                  

                  
                  
                  

                  
                  
                  

                  
                  
                  

                  
                  
                  

                  
                  
                  

                  
                  
                  

                  
                  
                  

                  
                  
                  

                  
                  
                  

                  
                  
                  

                  
                  
                  

                  
                  
                  

                  
                  
                  

                  
                  
                  

                  
                  
                  

                  
                  
                  

                  
                  
                  

                  
                  
                  

                  
                  
                  

                  
                  
                  

                  
                  
                  

                  
                  
                  

                  
                  
                  

                  
                  
                  

                  
                  
                  

                  
                  
                  

                  
                  
                  

                  
                  
                  

                  
                  
                  

                  
                  
                  

                  
                  
                  

                  
                  
                  

                  
                  
                  

                  
                  
                  

                  
                  
                  

                  
                  
                  

                  
                  
                  

                  
                  
                  

                  
                  
                  

                  
                  
                  

                  
                  
                  

                  
                  
                  

                  
                  
                  

                  
                  
                  

                  
                  
                  

                  
                  
                  

                  
                  
                  

                  
                  
                  

                  
                  
                  

                  
                  
                  

                  
                  
                  

                  
                  
                  

                  
                  
                  

                  
                  
                  

                  
                  
                  

                  
                  
                  

                  
                  
                  

                  
                  
                  

                  
                  
                  

                  
                  
                  

                  
                  
                  

                  
                  
                  

                  
                  
                  

                  
                  
                  

                  
                  
                  

                  
                  
                  

                  
                  
                  

                  
                  
                  

                  
                  
                  

                  
                  
                  

                  
                  
                  

                  
                  
                  

                  
                  
                  

                  
                  
                  

                  
                  
                  

                  
                  
                  

                  
                  
                  

                  
                  
                  

                  
                  
                  

                  
                  
                  

                  
                  
                  

                  
                  
                  

                  
                  
                  

                  
                  
                  

                  
                  
                  

                  
                  
                  

                  
                  
                  

                  
                  
                  

                  
                  
                  

                  
                  
                  

                  
                  
                  

                  
                  
                  

                  
                  
                  

                  
                  
                  

                  
                  
                  

                  
                  
                  

                  
                  
                  

                  
                  
                  

                  
                  
                  

                  
                  
                  

                  
                  
                  

                  
                  
                  

                  
                  
                  

                  
                  
                  

                  
                  
                  

                  
                  
                  

                  
                  
                  

                  
                  
                </div>

                
                

                <div class="sub-nav-item columns">
                  <a href="/collections/gift-cards"><span style="text-transform: uppercase;">Gift Cards</span></a>

                  

                  
                  

                  
                  
                  

                  
                  
                  

                  
                  
                  

                  
                  
                  

                  
                  
                  

                  
                  
                  

                  
                  
                  

                  
                  
                  

                  
                  
                  

                  
                  
                  

                  
                  
                  

                  
                  
                  

                  
                  
                  

                  
                  
                  

                  
                  
                  

                  
                  
                  

                  
                  
                  

                  
                  
                  

                  
                  
                  

                  
                  
                  

                  
                  
                  

                  
                  
                  

                  
                  
                  

                  
                  
                  

                  
                  
                  

                  
                  
                  

                  
                  
                  

                  
                  
                  

                  
                  
                  

                  
                  
                  

                  
                  
                  

                  
                  
                  

                  
                  
                  

                  
                  
                  

                  
                  
                  

                  
                  
                  

                  
                  
                  

                  
                  
                  

                  
                  
                  

                  
                  
                  

                  
                  
                  

                  
                  
                  

                  
                  
                  

                  
                  
                  

                  
                  
                  

                  
                  
                  

                  
                  
                  

                  
                  
                  

                  
                  
                  

                  
                  
                  

                  
                  
                  

                  
                  
                  

                  
                  
                  

                  
                  
                  

                  
                  
                  

                  
                  
                  

                  
                  
                  

                  
                  
                  

                  
                  
                  

                  
                  
                  

                  
                  
                  

                  
                  
                  

                  
                  
                  

                  
                  
                  

                  
                  
                  

                  
                  
                  

                  
                  
                  

                  
                  
                  

                  
                  
                  

                  
                  
                  

                  
                  
                  

                  
                  
                  

                  
                  
                  

                  
                  
                  

                  
                  
                  

                  
                  
                  

                  
                  
                  

                  
                  
                  

                  
                  
                  

                  
                  
                  

                  
                  
                  

                  
                  
                  

                  
                  
                  

                  
                  
                  

                  
                  
                  

                  
                  
                  

                  
                  
                  

                  
                  
                  

                  
                  
                  

                  
                  
                  

                  
                  
                  

                  
                  
                  

                  
                  
                  

                  
                  
                  

                  
                  
                  

                  
                  
                  

                  
                  
                  

                  
                  
                  

                  
                  
                  

                  
                  
                  

                  
                  
                  

                  
                  
                  

                  
                  
                  

                  
                  
                  

                  
                  
                  

                  
                  
                  

                  
                  
                  

                  
                  
                  

                  
                  
                  

                  
                  
                  

                  
                  
                  

                  
                  
                  

                  
                  
                  

                  
                  
                  

                  
                  
                  

                  
                  
                  

                  
                  
                  

                  
                  
                  

                  
                  
                  

                  
                  
                  

                  
                  
                  

                  
                  
                  

                  
                  
                  

                  
                  
                  

                  
                  
                  

                  
                  
                  

                  
                  
                  

                  
                  
                  

                  
                  
                  

                  
                  
                </div>

                
                
              </li>

            </ul>        
        
      </li>
    
      <li class="nav-item">
        
        
        
        

        
      </li>
    
      <li class="nav-item">
        
        
        
        

        
      </li>
    
      <li class="nav-item">
        
        
        
        

        
      </li>
    
      <li class="nav-item">
        
        
        
        

        
      </li>
    
      <li class="nav-item">
        
        
        
        

        
      </li>
    

  </ul>
</nav>
    </div>

    <!-- Delivery reservation details for mobile.-->
    <div id="mobile-delivery-details" style="text-align:center;width:100%;display:none;">
      <div class="delivery-details" style="background-color:#F5F5F5;padding:5px;border-radius:2px;height:48px;font-weight:bold; display:block;">
        <img src="//cdn.shopify.com/s/files/1/0206/9470/t/232/assets/226587-48.png?v=7095077715422314212" style="width: 40px;padding-right: 5px; position:relative; top:-10px; display:inline-block">
        <span class="delivery-details-text" style="display:inline-block"></span>   
      </div>          
    </div>
    <!-- End delivery reservation details for mobile.-->

    <div class="row">
      <div class="header-divider"></div>
    </div>

  </header>


  <section class="main-content">   
      






<header class="row">
  <div class="left columns large-6">
    
    
      

<ul class="breadcrumbs colored-links">
   <li><a href="/">Home</a></li>
   
     
     
  
  
  
      <li><a href="/collections">Shop Online</a></li>  <li> Beef </li> 
         
</ul>
    
  </div>
  <div class="right columns large-6">
    <div class="tag-filter">
      

          <span class="title">Filter by Type </span>
          
          <form class="custom">
            <select class="small tags-listbox" name="coll-filter" size="1" data-id="1621064004734-rhruz">
              <option value="">All</option>
              
              
              <option value="all-natural">All Natural</option>
              
              
              
              <option value="allergen-free">Allergen Free</option>
              
              
              
              <option value="antibiotic-free">Antibiotic Free</option>
              
              
              
              <option value="b-b-products">B-B Products</option>
              
              
              
              <option value="bbq">BBQ</option>
              
              
              
              <option value="beak-sons">Beak &amp; Sons</option>
              
              
              
              <option value="beef">Beef</option>
              
              
              
              <option value="bulk-meat">Bulk Meat</option>
              
              
              
              <option value="butcher">Butcher</option>
              
              
              
              <option value="buthcer">Buthcer</option>
              
              
              
              <option value="cape-grim">Cape Grim</option>
              
              
              
              <option value="chipolata">Chipolata</option>
              
              
              
              <option value="christmas">Christmas</option>
              
              
              
              <option value="cleavers">Cleaver's</option>
              
              
              
              <option value="cleavers">Cleavers</option>
              
              
              
              <option value="cured-meats">Cured Meats</option>
              
              
              
              <option value="curious-cuts">Curious Cuts</option>
              
              
              
              <option value="curry">Curry</option>
              
              
              
              <option value="dairy-free">Dairy Free</option>
              
              
              
              <option value="deli">Deli</option>
              
              
              
              <option value="fillets-steaks">Fillets &amp; Steaks</option>
              
              
              
              <option value="flinders-co">Flinders Co</option>
              
              
              
              <option value="free-range">Free Range</option>
              
              
              
              <option value="fridge">Fridge</option>
              
              
              
              <option value="gluten-free">Gluten Free</option>
              
              
              
              <option value="gmo-free">GMO Free</option>
              
              
              
              <option value="grains-free">Grains Free</option>
              
              
              
              <option value="grass-fed">Grass Fed</option>
              
              
              
              <option value="halal">Halal</option>
              
              
              
              <option value="harris-farm">Harris Farm</option>
              
              
              
              <option value="harris-farm-meat">Harris Farm Meat</option>
              
              
              
              <option value="hfm">HFM</option>
              
              
              
              <option value="hormones-free">Hormones Free</option>
              
              
              
              <option value="meal">Meal</option>
              
              
              
              <option value="mealkit">Mealkit</option>
              
              
              
              <option value="meat">Meat</option>
              
              
              
              <option value="meatballs">Meatballs</option>
              
              
              
              <option value="no-added-hormones">No Added Hormones</option>
              
              
              
              <option value="no-added-msg">No added MSG</option>
              
              
              
              <option value="no-artificial-colours">No Artificial colours</option>
              
              
              
              <option value="no-artificial-flavours">No Artificial flavours</option>
              
              
              
              <option value="no-emulsifiers">No Emulsifiers</option>
              
              
              
              <option value="no-fillers">No Fillers</option>
              
              
              
              <option value="no-gums">No Gums</option>
              
              
              
              <option value="no-preservatives">No Preservatives</option>
              
              
              
              <option value="on-the-farm">On The Farm</option>
              
              
              
              <option value="organic">Organic</option>
              
              
              
              <option value="paleo">Paleo</option>
              
              
              
              <option value="peppercorn">Peppercorn</option>
              
              
              
              <option value="pork">Pork</option>
              
              
              
              <option value="provenir">Provenir</option>
              
              
              
              <option value="ready-to-cook">Ready to Cook</option>
              
              
              
              <option value="ready-to-eat">Ready To Eat</option>
              
              
              
              <option value="sausages-minced-meat">Sausages &amp; Minced Meat</option>
              
              
              
              <option value="serves-4">Serves 4</option>
              
              
              
              <option value="shortdate">Shortdate</option>
              
              
              
              <option value="soy-free">Soy Free</option>
              
              
              
              <option value="steak">Steak</option>
              
              
              
              <option value="stir-fry">Stir Fry</option>
              
              
              
              <option value="swan-bay-butchers">Swan Bay Butchers</option>
              
              
              
              <option value="takes-30m">Takes 30m</option>
              
              
              
              <option value="tara-valley">Tara Valley</option>
              
              
              
              <option value="the-gourmet-sausage">The Gourmet Sausage</option>
              
              
              
              <option value="wagyu">Wagyu</option>
              
              
              
              <option value="wheat-free">Wheat Free</option>
              
              
            </select>
          </form>
      
    </div>
  </div>
</header>

<div class="row">
  <div class="columns">
    <div class="divider"></div>
  </div>
</div>

<div class="row">

  

  
  <!-- Change Style to 
    display: table-row-group; on mobile view-->
  
      <div class="product-grid">
        
           








<div class="product-item columns large-2 in-stock" id="product-34276030185531" data-variants="s:1,,,,34276030185531,1199,,0;s:73,Australia,,,34276030218299,1199,,12;" data-s1="0" data-s73="12" data-sort-tag="" data-shopify-sku="59213" data-uom="per kg" data-conversion-factor="10" data-hideinstate="-">
  <script>
    var variants = addslashes("s:1,Default,Default,,34276030185531,1199,,0;s:73,Australia,Default,,34276030218299,1199,,12;"); 
	var partsOfStr = variants.split(';');
  </script>
  
  <div class="collection-image">
    <div class="additional" style="width: 100%; height: auto; position: absolute; left: 0px; top: 0px; background: rgba(183, 183, 183, 0.37); color: white; padding: 4px; display: none">
      <span class="sale" style="font-size: 14px; color: black;"></span></div>
    <a href="/collections/beef/products/bb-products-air-dried-wagyu-beef-59213">
      <img class="lazyOwl" data-src="//cdn.shopify.com/s/files/1/0206/9470/products/59213-done_large.jpg?v=1604649602" src="//cdn.shopify.com/s/files/1/0206/9470/products/59213-done_medium.jpg?v=1604649602" alt="B-B Products Air Dried Wagyu Beef | Harris Farm Online" style="height: 100%; width: 100%">
    </a>
  </div>   
  <!-- .coll-image-wrap -->

  <div class="caption">
    
    <div class="box-title">
      
      <p class="title" style="height: 45px; font-size: 12px;">
        <a href="/collections/beef/products/bb-products-air-dried-wagyu-beef-59213">
          B-B Products Air Dried Wagyu Beef 100g 
        </a>
      </p>
      
      <script>
    var productOfOrigin;
</script>

    
    

    <!-- product of origin first part of the rule -->
    

    
    

    <!-- product of origin first part of the rule -->
    

    
    

    <!-- product of origin first part of the rule -->
    

    
    

    <!-- product of origin first part of the rule -->
    

    
    

    <!-- product of origin first part of the rule -->
    

    
    

    <!-- product of origin first part of the rule -->
    

    
    

    <!-- product of origin first part of the rule -->
    

    
    

    <!-- product of origin first part of the rule -->
    




      <div class="salecontainer">
        <span class="sale">			

          <span class="unit_price"><strong><span class="from_price">$11.99</span> <small>ea</small></strong></span><br>
    		  <span class="compare_at_price unit_price"><small>$119.90 per kg</small></span> 
        </span>
      </div>

    </div>


  </div><!-- .coll-prod-caption -->

  
<div class="ajax-add-to-cart-quick custom-form" style="position:absolute; left:0; right:0; bottom:-10px; justify-content:center;">  
  <select name="quantity" class="addToCartSelect">    
    
    	<option value="1">1</option>
    
    	<option value="2">2</option>
    
    	<option value="3">3</option>
    
    	<option value="4">4</option>
    
    	<option value="5">5</option>
    
    	<option value="6">6</option>
    
    	<option value="7">7</option>
    
    	<option value="8">8</option>
    
    	<option value="9">9</option>
    
    	<option value="10">10</option>
    
    	<option value="11">11</option>
    
    	<option value="12">12</option>
    
    	<option value="13">13</option>
    
    	<option value="14">14</option>
    
    	<option value="15">15</option>
    
    	<option value="16">16</option>
    
    	<option value="17">17</option>
    
    	<option value="18">18</option>
    
    	<option value="19">19</option>
    
    	<option value="20">20</option>
    
  </select>&nbsp; 
  <button class="btn addToCartButton" type="button" name="add" data-id="34276030218299" data-weather="" data-wholesale="" data-cap="" data-slider="" data-seafood="" data-juice="" data-mealkit="" data-loosesalad="" data-instorebakery="" data-shortdate="" data-hideinstate="-" style="white-space: nowrap; padding: 10px; height: 35px; width: 75px; letter-spacing: 0;">ADD</button>
</div>

<div class="ajax-update-cart custom-form" style="position:absolute; left:0; right:0; bottom:-10px; justify-content:center; display:none;">
  <a href="javascript:;" class="minusitem"><img src="//cdn.shopify.com/s/files/1/0206/9470/t/232/assets/MinusIcon.jpg?v=8086515874301911391" style="width: 30px; height: 35px;"></a>
  <input type="text" pattern="[0-9.]+" class="ajaxquantity addToCartInput" name="quantity" value="" readonly="" style="display:inline-block">
  <div class="lds-ring"><div></div><div></div><div></div><div></div></div>
  <a href="javascript:;" class="plusitem"><img src="//cdn.shopify.com/s/files/1/0206/9470/t/232/assets/PlusIcon.jpg?v=15674260478820120933" style="width: 30px; height: 35px;"></a>&nbsp; 
  <button class="btn addToCartButton" type="button" name="add" data-id="34276030218299" data-weather="" data-wholesale="" data-cap="" data-slider="" data-seafood="" data-juice="" data-mealkit="" data-loosesalad="" data-instorebakery="" data-shortdate="" data-hideinstate="-" style="background: #84D1E8; white-space: nowrap; padding: 10px; height: 35px; letter-spacing: 0;" onclick="window.location='/cart'">IN CART</button>
</div>


</div>

<script>        
  var pickingStore = (!$.cookie("picking_store")) ? 73 : $.cookie("picking_store"); 
  var pickingStoreVariant = "s:"+pickingStore;
  
  for (var i = 0; i < partsOfStr.length; i++){
    var variantArray = partsOfStr[i].split(',');
    var showProduct = false;    
    
    if (variantArray[0].trim() == pickingStoreVariant.trim()){
      showProduct = true;
      productOfOrigin = variantArray[1];
      var special =  variantArray[2]; 
      var additional = variantArray[3];       
      var variantId = variantArray[4];
      var price =  variantArray[5];
      var compareAtPrice = variantArray[6];
      var conversionFactor = $("#product-34276030185531").data("conversion-factor");                               
      var uom = $("#product-34276030185531").data("uom");
      var hideInState = $("#product-34276030185531").data("hideinstate");      
      
      if(additional){                
        $("#product-34276030185531 .additional .sale").html(additional.toUpperCase());
        $("#product-34276030185531 .additional").show();
      }
      
      $("#product-34276030185531 .btn").attr('data-id',variantId);      
      $("#product-34276030185531 .btn").attr('data-cap',compareAtPrice);          
      $("#product-34276030185531 .caption .salecontainer .sale .from_price").html('$' + (variantArray[5]/100).toFixed(2));         
        
      if(special != "Default"){          
        $("#product-34276030185531 .caption .unit_price .from_price").addClass("is-special");            
      }
            
      if (!compareAtPrice){
        if (uom != "" && uom ){ 
          $("#product-34276030185531 .caption .salecontainer .sale .compare_at_price").html('<small>$'+((price*conversionFactor)/100).toFixed(2)+" "+uom+'</small>');
        } 
      }
      else{
        $("#product-34276030185531 .caption .salecontainer .sale .compare_at_price").html('<small>$' + (variantArray[6]/100).toFixed(2) + ' per kg</small>');              
      }
        
      if((parseInt(variantArray[7])<=0) || (hideInState.indexOf(currState) != -1)){
        $("#product-34276030185531 .ajax-add-to-cart-quick").html("<p class='error'>Out of Stock</p>");          
        $("#product-34276030185531 a").css({"pointer-events":"none"});          
        $("#product-34276030185531").remove();
        console.log(variantId + " removed.");            
      }
      else{
        $("#product-34276030185531").addClass("in-stock");
        
        var items = $("#headercartvals").attr("data-items").split(";");

        $.each(items, function(index, item) {
          if (item){ 
            var itemId = item.split("-")[0];
            var itemQty = item.split("-")[1];

            if(variantArray[4] === itemId){
              $("#product-34276030185531").find(".ajax-add-to-cart-quick").hide();
              $("#product-34276030185531").find(".ajax-update-cart .addToCartInput").val(itemQty);
              $("#product-34276030185531").find(".ajax-update-cart").show();
              return;                       
            } 
          }
        });                              
      }      
    }
  }                         
  $(".product-item").not(".in-stock").hide();              
</script>

<script>

    var productId =  null;
    var productObj = null;
    
        productId = "#product-34276030185531";
        productObj = $(productId).find('.product-of-origin');
    

    // product of origin second part of the rule
    if(productOfOrigin == "Default"){
        $(productObj).html("Product of Australia");
    } else if (productOfOrigin == "Packaged in") {
        $(productObj).html("Packed in Australia from Imported Ingredients");
    } else if (productOfOrigin == "Packaged in local") {
        $(productObj).html("Packed in Australia from Imported and Local Ingredients");
    } else if (productOfOrigin == "Made In") {
        $(productObj).html("Made in Australia from Imported Ingredients");
    } else if (productOfOrigin == "Made in local") {
        $(productObj).html("Made in Australia from Imported and Local Ingredients"); 
    } else{
        $(productObj).html("Product of "+ productOfOrigin);
    }

</script> 


        
           








<div class="product-item columns large-2 in-stock" id="product-34276128129083" data-variants="s:1,,,,34276128129083,599,,0;s:73,Australia,,,34276128227387,599,,21;" data-s1="0" data-s73="21" data-sort-tag="" data-shopify-sku="56114" data-uom="per kg" data-conversion-factor="10" data-hideinstate="-">
  <script>
    var variants = addslashes("s:1,Default,Default,,34276128129083,599,,0;s:73,Australia,Default,,34276128227387,599,,21;"); 
	var partsOfStr = variants.split(';');
  </script>
  
  <div class="collection-image">
    <div class="additional" style="width: 100%; height: auto; position: absolute; left: 0px; top: 0px; background: rgba(183, 183, 183, 0.37); color: white; padding: 4px; display: none">
      <span class="sale" style="font-size: 14px; color: black;"></span></div>
    <a href="/collections/beef/products/bb-products-pastrami-56114">
      <img class="lazyOwl" data-src="//cdn.shopify.com/s/files/1/0206/9470/products/59114-done_large.jpg?v=1604650040" src="//cdn.shopify.com/s/files/1/0206/9470/products/59114-done_medium.jpg?v=1604650040" alt="B-B Products Pastrami | Harris Farm Online" style="height: 100%; width: 100%">
    </a>
  </div>   
  <!-- .coll-image-wrap -->

  <div class="caption">
    
    <div class="box-title">
      
      <p class="title" style="height: 45px; ">
        <a href="/collections/beef/products/bb-products-pastrami-56114">
          B-B Products Pastrami 100g 
        </a>
      </p>
      
      <script>
    var productOfOrigin;
</script>

    
    

    <!-- product of origin first part of the rule -->
    

    
    

    <!-- product of origin first part of the rule -->
    

    
    

    <!-- product of origin first part of the rule -->
    

    
    

    <!-- product of origin first part of the rule -->
    

    
    

    <!-- product of origin first part of the rule -->
    

    
    

    <!-- product of origin first part of the rule -->
    




      <div class="salecontainer">
        <span class="sale">			

          <span class="unit_price"><strong><span class="from_price">$5.99</span> <small>ea</small></strong></span><br>
    		  <span class="compare_at_price unit_price"><small>$59.90 per kg</small></span> 
        </span>
      </div>

    </div>


  </div><!-- .coll-prod-caption -->

  
<div class="ajax-add-to-cart-quick custom-form" style="position:absolute; left:0; right:0; bottom:-10px; justify-content:center;">  
  <select name="quantity" class="addToCartSelect">    
    
    	<option value="1">1</option>
    
    	<option value="2">2</option>
    
    	<option value="3">3</option>
    
    	<option value="4">4</option>
    
    	<option value="5">5</option>
    
    	<option value="6">6</option>
    
    	<option value="7">7</option>
    
    	<option value="8">8</option>
    
    	<option value="9">9</option>
    
    	<option value="10">10</option>
    
    	<option value="11">11</option>
    
    	<option value="12">12</option>
    
    	<option value="13">13</option>
    
    	<option value="14">14</option>
    
    	<option value="15">15</option>
    
    	<option value="16">16</option>
    
    	<option value="17">17</option>
    
    	<option value="18">18</option>
    
    	<option value="19">19</option>
    
    	<option value="20">20</option>
    
  </select>&nbsp; 
  <button class="btn addToCartButton" type="button" name="add" data-id="34276128227387" data-weather="" data-wholesale="" data-cap="" data-slider="" data-seafood="" data-juice="" data-mealkit="" data-loosesalad="" data-instorebakery="" data-shortdate="" data-hideinstate="-" style="white-space: nowrap; padding: 10px; height: 35px; width: 75px; letter-spacing: 0;">ADD</button>
</div>

<div class="ajax-update-cart custom-form" style="position:absolute; left:0; right:0; bottom:-10px; justify-content:center; display:none;">
  <a href="javascript:;" class="minusitem"><img src="//cdn.shopify.com/s/files/1/0206/9470/t/232/assets/MinusIcon.jpg?v=8086515874301911391" style="width: 30px; height: 35px;"></a>
  <input type="text" pattern="[0-9.]+" class="ajaxquantity addToCartInput" name="quantity" value="" readonly="" style="display:inline-block">
  <div class="lds-ring"><div></div><div></div><div></div><div></div></div>
  <a href="javascript:;" class="plusitem"><img src="//cdn.shopify.com/s/files/1/0206/9470/t/232/assets/PlusIcon.jpg?v=15674260478820120933" style="width: 30px; height: 35px;"></a>&nbsp; 
  <button class="btn addToCartButton" type="button" name="add" data-id="34276128227387" data-weather="" data-wholesale="" data-cap="" data-slider="" data-seafood="" data-juice="" data-mealkit="" data-loosesalad="" data-instorebakery="" data-shortdate="" data-hideinstate="-" style="background: #84D1E8; white-space: nowrap; padding: 10px; height: 35px; letter-spacing: 0;" onclick="window.location='/cart'">IN CART</button>
</div>


</div>

<script>        
  var pickingStore = (!$.cookie("picking_store")) ? 73 : $.cookie("picking_store"); 
  var pickingStoreVariant = "s:"+pickingStore;
  
  for (var i = 0; i < partsOfStr.length; i++){
    var variantArray = partsOfStr[i].split(',');
    var showProduct = false;    
    
    if (variantArray[0].trim() == pickingStoreVariant.trim()){
      showProduct = true;
      productOfOrigin = variantArray[1];
      var special =  variantArray[2]; 
      var additional = variantArray[3];       
      var variantId = variantArray[4];
      var price =  variantArray[5];
      var compareAtPrice = variantArray[6];
      var conversionFactor = $("#product-34276128129083").data("conversion-factor");                               
      var uom = $("#product-34276128129083").data("uom");
      var hideInState = $("#product-34276128129083").data("hideinstate");      
      
      if(additional){                
        $("#product-34276128129083 .additional .sale").html(additional.toUpperCase());
        $("#product-34276128129083 .additional").show();
      }
      
      $("#product-34276128129083 .btn").attr('data-id',variantId);      
      $("#product-34276128129083 .btn").attr('data-cap',compareAtPrice);          
      $("#product-34276128129083 .caption .salecontainer .sale .from_price").html('$' + (variantArray[5]/100).toFixed(2));         
        
      if(special != "Default"){          
        $("#product-34276128129083 .caption .unit_price .from_price").addClass("is-special");            
      }
            
      if (!compareAtPrice){
        if (uom != "" && uom ){ 
          $("#product-34276128129083 .caption .salecontainer .sale .compare_at_price").html('<small>$'+((price*conversionFactor)/100).toFixed(2)+" "+uom+'</small>');
        } 
      }
      else{
        $("#product-34276128129083 .caption .salecontainer .sale .compare_at_price").html('<small>$' + (variantArray[6]/100).toFixed(2) + ' per kg</small>');              
      }
        
      if((parseInt(variantArray[7])<=0) || (hideInState.indexOf(currState) != -1)){
        $("#product-34276128129083 .ajax-add-to-cart-quick").html("<p class='error'>Out of Stock</p>");          
        $("#product-34276128129083 a").css({"pointer-events":"none"});          
        $("#product-34276128129083").remove();
        console.log(variantId + " removed.");            
      }
      else{
        $("#product-34276128129083").addClass("in-stock");
        
        var items = $("#headercartvals").attr("data-items").split(";");

        $.each(items, function(index, item) {
          if (item){ 
            var itemId = item.split("-")[0];
            var itemQty = item.split("-")[1];

            if(variantArray[4] === itemId){
              $("#product-34276128129083").find(".ajax-add-to-cart-quick").hide();
              $("#product-34276128129083").find(".ajax-update-cart .addToCartInput").val(itemQty);
              $("#product-34276128129083").find(".ajax-update-cart").show();
              return;                       
            } 
          }
        });                              
      }      
    }
  }                         
  $(".product-item").not(".in-stock").hide();              
</script>

<script>

    var productId =  null;
    var productObj = null;
    
        productId = "#product-34276128129083";
        productObj = $(productId).find('.product-of-origin');
    

    // product of origin second part of the rule
    if(productOfOrigin == "Default"){
        $(productObj).html("Product of Australia");
    } else if (productOfOrigin == "Packaged in") {
        $(productObj).html("Packed in Australia from Imported Ingredients");
    } else if (productOfOrigin == "Packaged in local") {
        $(productObj).html("Packed in Australia from Imported and Local Ingredients");
    } else if (productOfOrigin == "Made In") {
        $(productObj).html("Made in Australia from Imported Ingredients");
    } else if (productOfOrigin == "Made in local") {
        $(productObj).html("Made in Australia from Imported and Local Ingredients"); 
    } else{
        $(productObj).html("Product of "+ productOfOrigin);
    }

</script> 


        
           








<div class="product-item columns large-2 in-stock" id="product-2166626680841" data-variants="s:1,Australia,,,2166626680841,949,,0;s:73,,,,2390091137033,949,,54;" data-s1="0" data-s73="54" data-sort-tag="" data-shopify-sku="59202" data-uom="per kg" data-conversion-factor="10" data-hideinstate="-">
  <script>
    var variants = addslashes("s:1,Australia,Default,,2166626680841,949,,0;s:73,Default,Default,,2390091137033,949,,54;"); 
	var partsOfStr = variants.split(';');
  </script>
  
  <div class="collection-image">
    <div class="additional" style="width: 100%; height: auto; position: absolute; left: 0px; top: 0px; background: rgba(183, 183, 183, 0.37); color: white; padding: 4px; display: none">
      <span class="sale" style="font-size: 14px; color: black;"></span></div>
    <a href="/collections/beef/products/bb-products-air-dried-beef-59202">
      <img class="lazyOwl" data-src="//cdn.shopify.com/s/files/1/0206/9470/products/59202-done_large.jpg?v=1604648951" src="//cdn.shopify.com/s/files/1/0206/9470/products/59202-done_medium.jpg?v=1604648951" alt="B-B Products Air Dried Beef | Harris Farm Online" style="height: 100%; width: 100%">
    </a>
  </div>   
  <!-- .coll-image-wrap -->

  <div class="caption">
    
    <div class="box-title">
      
      <p class="title" style="height: 45px; font-size: 12px;">
        <a href="/collections/beef/products/bb-products-air-dried-beef-59202">
          B.B Products Bresola Air Dried Beef 100g 
        </a>
      </p>
      
      <script>
    var productOfOrigin;
</script>

    
    

    <!-- product of origin first part of the rule -->
    

    
    

    <!-- product of origin first part of the rule -->
    

    
    

    <!-- product of origin first part of the rule -->
    

    
    

    <!-- product of origin first part of the rule -->
    

    
    

    <!-- product of origin first part of the rule -->
    

    
    

    <!-- product of origin first part of the rule -->
    




      <div class="salecontainer">
        <span class="sale">			

          <span class="unit_price"><strong><span class="from_price">$9.49</span> <small>ea</small></strong></span><br>
    		  <span class="compare_at_price unit_price"><small>$94.90 per kg</small></span> 
        </span>
      </div>

    </div>


  </div><!-- .coll-prod-caption -->

  
<div class="ajax-add-to-cart-quick custom-form" style="position:absolute; left:0; right:0; bottom:-10px; justify-content:center;">  
  <select name="quantity" class="addToCartSelect">    
    
    	<option value="1">1</option>
    
    	<option value="2">2</option>
    
    	<option value="3">3</option>
    
    	<option value="4">4</option>
    
    	<option value="5">5</option>
    
    	<option value="6">6</option>
    
    	<option value="7">7</option>
    
    	<option value="8">8</option>
    
    	<option value="9">9</option>
    
    	<option value="10">10</option>
    
    	<option value="11">11</option>
    
    	<option value="12">12</option>
    
    	<option value="13">13</option>
    
    	<option value="14">14</option>
    
    	<option value="15">15</option>
    
    	<option value="16">16</option>
    
    	<option value="17">17</option>
    
    	<option value="18">18</option>
    
    	<option value="19">19</option>
    
    	<option value="20">20</option>
    
  </select>&nbsp; 
  <button class="btn addToCartButton" type="button" name="add" data-id="2390091137033" data-weather="" data-wholesale="" data-cap="" data-slider="" data-seafood="" data-juice="" data-mealkit="" data-loosesalad="" data-instorebakery="" data-shortdate="" data-hideinstate="-" style="white-space: nowrap; padding: 10px; height: 35px; width: 75px; letter-spacing: 0;">ADD</button>
</div>

<div class="ajax-update-cart custom-form" style="position:absolute; left:0; right:0; bottom:-10px; justify-content:center; display:none;">
  <a href="javascript:;" class="minusitem"><img src="//cdn.shopify.com/s/files/1/0206/9470/t/232/assets/MinusIcon.jpg?v=8086515874301911391" style="width: 30px; height: 35px;"></a>
  <input type="text" pattern="[0-9.]+" class="ajaxquantity addToCartInput" name="quantity" value="" readonly="" style="display:inline-block">
  <div class="lds-ring"><div></div><div></div><div></div><div></div></div>
  <a href="javascript:;" class="plusitem"><img src="//cdn.shopify.com/s/files/1/0206/9470/t/232/assets/PlusIcon.jpg?v=15674260478820120933" style="width: 30px; height: 35px;"></a>&nbsp; 
  <button class="btn addToCartButton" type="button" name="add" data-id="2390091137033" data-weather="" data-wholesale="" data-cap="" data-slider="" data-seafood="" data-juice="" data-mealkit="" data-loosesalad="" data-instorebakery="" data-shortdate="" data-hideinstate="-" style="background: #84D1E8; white-space: nowrap; padding: 10px; height: 35px; letter-spacing: 0;" onclick="window.location='/cart'">IN CART</button>
</div>


</div>

<script>        
  var pickingStore = (!$.cookie("picking_store")) ? 73 : $.cookie("picking_store"); 
  var pickingStoreVariant = "s:"+pickingStore;
  
  for (var i = 0; i < partsOfStr.length; i++){
    var variantArray = partsOfStr[i].split(',');
    var showProduct = false;    
    
    if (variantArray[0].trim() == pickingStoreVariant.trim()){
      showProduct = true;
      productOfOrigin = variantArray[1];
      var special =  variantArray[2]; 
      var additional = variantArray[3];       
      var variantId = variantArray[4];
      var price =  variantArray[5];
      var compareAtPrice = variantArray[6];
      var conversionFactor = $("#product-2166626680841").data("conversion-factor");                               
      var uom = $("#product-2166626680841").data("uom");
      var hideInState = $("#product-2166626680841").data("hideinstate");      
      
      if(additional){                
        $("#product-2166626680841 .additional .sale").html(additional.toUpperCase());
        $("#product-2166626680841 .additional").show();
      }
      
      $("#product-2166626680841 .btn").attr('data-id',variantId);      
      $("#product-2166626680841 .btn").attr('data-cap',compareAtPrice);          
      $("#product-2166626680841 .caption .salecontainer .sale .from_price").html('$' + (variantArray[5]/100).toFixed(2));         
        
      if(special != "Default"){          
        $("#product-2166626680841 .caption .unit_price .from_price").addClass("is-special");            
      }
            
      if (!compareAtPrice){
        if (uom != "" && uom ){ 
          $("#product-2166626680841 .caption .salecontainer .sale .compare_at_price").html('<small>$'+((price*conversionFactor)/100).toFixed(2)+" "+uom+'</small>');
        } 
      }
      else{
        $("#product-2166626680841 .caption .salecontainer .sale .compare_at_price").html('<small>$' + (variantArray[6]/100).toFixed(2) + ' per kg</small>');              
      }
        
      if((parseInt(variantArray[7])<=0) || (hideInState.indexOf(currState) != -1)){
        $("#product-2166626680841 .ajax-add-to-cart-quick").html("<p class='error'>Out of Stock</p>");          
        $("#product-2166626680841 a").css({"pointer-events":"none"});          
        $("#product-2166626680841").remove();
        console.log(variantId + " removed.");            
      }
      else{
        $("#product-2166626680841").addClass("in-stock");
        
        var items = $("#headercartvals").attr("data-items").split(";");

        $.each(items, function(index, item) {
          if (item){ 
            var itemId = item.split("-")[0];
            var itemQty = item.split("-")[1];

            if(variantArray[4] === itemId){
              $("#product-2166626680841").find(".ajax-add-to-cart-quick").hide();
              $("#product-2166626680841").find(".ajax-update-cart .addToCartInput").val(itemQty);
              $("#product-2166626680841").find(".ajax-update-cart").show();
              return;                       
            } 
          }
        });                              
      }      
    }
  }                         
  $(".product-item").not(".in-stock").hide();              
</script>

<script>

    var productId =  null;
    var productObj = null;
    
        productId = "#product-2166626680841";
        productObj = $(productId).find('.product-of-origin');
    

    // product of origin second part of the rule
    if(productOfOrigin == "Default"){
        $(productObj).html("Product of Australia");
    } else if (productOfOrigin == "Packaged in") {
        $(productObj).html("Packed in Australia from Imported Ingredients");
    } else if (productOfOrigin == "Packaged in local") {
        $(productObj).html("Packed in Australia from Imported and Local Ingredients");
    } else if (productOfOrigin == "Made In") {
        $(productObj).html("Made in Australia from Imported Ingredients");
    } else if (productOfOrigin == "Made in local") {
        $(productObj).html("Made in Australia from Imported and Local Ingredients"); 
    } else{
        $(productObj).html("Product of "+ productOfOrigin);
    }

</script> 


        
           








<div class="product-item columns large-2 in-stock" id="product-13394782584891" data-variants="s:1,,,,13394782584891,849,,0;s:73,Australia,,,13394782617659,849,,8;" data-s1="0" data-s73="8" data-sort-tag="" data-shopify-sku="602256" data-uom="per kg" data-conversion-factor="2.38095238095238095" data-hideinstate="-">
  <script>
    var variants = addslashes("s:1,Default,Default,,13394782584891,849,,0;s:73,Australia,Default,,13394782617659,849,,8;"); 
	var partsOfStr = variants.split(';');
  </script>
  
  <div class="collection-image">
    <div class="additional" style="width: 100%; height: auto; position: absolute; left: 0px; top: 0px; background: rgba(183, 183, 183, 0.37); color: white; padding: 4px; display: none">
      <span class="sale" style="font-size: 14px; color: black;"></span></div>
    <a href="/collections/beef/products/beef-meatballs-classic-beak-sons">
      <img class="lazyOwl" data-src="//cdn.shopify.com/s/files/1/0206/9470/products/beak-classic-beef-meatballs-done_large.jpg?v=1559520118" src="//cdn.shopify.com/s/files/1/0206/9470/products/beak-classic-beef-meatballs-done_medium.jpg?v=1559520118" alt="Beak and Sons Classic Beef Meatballs 420g" style="height: 100%; width: 100%">
    </a>
  </div>   
  <!-- .coll-image-wrap -->

  <div class="caption">
    
    <div class="box-title">
      
      <p class="title" style="height: 45px; font-size: 12px;">
        <a href="/collections/beef/products/beef-meatballs-classic-beak-sons">
          Beak and Sons Classic Beef Meatballs 420g 
        </a>
      </p>
      
      <script>
    var productOfOrigin;
</script>

    
    

    <!-- product of origin first part of the rule -->
    

    
    

    <!-- product of origin first part of the rule -->
    

    
    

    <!-- product of origin first part of the rule -->
    

    
    

    <!-- product of origin first part of the rule -->
    

    
    

    <!-- product of origin first part of the rule -->
    

    
    

    <!-- product of origin first part of the rule -->
    

    
    

    <!-- product of origin first part of the rule -->
    

    
    

    <!-- product of origin first part of the rule -->
    




      <div class="salecontainer">
        <span class="sale">			

          <span class="unit_price"><strong><span class="from_price">$8.49</span> <small>ea</small></strong></span><br>
    		  <span class="compare_at_price unit_price"><small>$20.21 per kg</small></span> 
        </span>
      </div>

    </div>


  </div><!-- .coll-prod-caption -->

  
<div class="ajax-add-to-cart-quick custom-form" style="position:absolute; left:0; right:0; bottom:-10px; justify-content:center;">  
  <select name="quantity" class="addToCartSelect">    
    
    	<option value="1">1</option>
    
    	<option value="2">2</option>
    
    	<option value="3">3</option>
    
    	<option value="4">4</option>
    
    	<option value="5">5</option>
    
    	<option value="6">6</option>
    
    	<option value="7">7</option>
    
    	<option value="8">8</option>
    
    	<option value="9">9</option>
    
    	<option value="10">10</option>
    
    	<option value="11">11</option>
    
    	<option value="12">12</option>
    
    	<option value="13">13</option>
    
    	<option value="14">14</option>
    
    	<option value="15">15</option>
    
    	<option value="16">16</option>
    
    	<option value="17">17</option>
    
    	<option value="18">18</option>
    
    	<option value="19">19</option>
    
    	<option value="20">20</option>
    
  </select>&nbsp; 
  <button class="btn addToCartButton" type="button" name="add" data-id="13394782617659" data-weather="" data-wholesale="" data-cap="" data-slider="" data-seafood="" data-juice="" data-mealkit="" data-loosesalad="" data-instorebakery="" data-shortdate="" data-hideinstate="-" style="white-space: nowrap; padding: 10px; height: 35px; width: 75px; letter-spacing: 0;">ADD</button>
</div>

<div class="ajax-update-cart custom-form" style="position:absolute; left:0; right:0; bottom:-10px; justify-content:center; display:none;">
  <a href="javascript:;" class="minusitem"><img src="//cdn.shopify.com/s/files/1/0206/9470/t/232/assets/MinusIcon.jpg?v=8086515874301911391" style="width: 30px; height: 35px;"></a>
  <input type="text" pattern="[0-9.]+" class="ajaxquantity addToCartInput" name="quantity" value="" readonly="" style="display:inline-block">
  <div class="lds-ring"><div></div><div></div><div></div><div></div></div>
  <a href="javascript:;" class="plusitem"><img src="//cdn.shopify.com/s/files/1/0206/9470/t/232/assets/PlusIcon.jpg?v=15674260478820120933" style="width: 30px; height: 35px;"></a>&nbsp; 
  <button class="btn addToCartButton" type="button" name="add" data-id="13394782617659" data-weather="" data-wholesale="" data-cap="" data-slider="" data-seafood="" data-juice="" data-mealkit="" data-loosesalad="" data-instorebakery="" data-shortdate="" data-hideinstate="-" style="background: #84D1E8; white-space: nowrap; padding: 10px; height: 35px; letter-spacing: 0;" onclick="window.location='/cart'">IN CART</button>
</div>


</div>

<script>        
  var pickingStore = (!$.cookie("picking_store")) ? 73 : $.cookie("picking_store"); 
  var pickingStoreVariant = "s:"+pickingStore;
  
  for (var i = 0; i < partsOfStr.length; i++){
    var variantArray = partsOfStr[i].split(',');
    var showProduct = false;    
    
    if (variantArray[0].trim() == pickingStoreVariant.trim()){
      showProduct = true;
      productOfOrigin = variantArray[1];
      var special =  variantArray[2]; 
      var additional = variantArray[3];       
      var variantId = variantArray[4];
      var price =  variantArray[5];
      var compareAtPrice = variantArray[6];
      var conversionFactor = $("#product-13394782584891").data("conversion-factor");                               
      var uom = $("#product-13394782584891").data("uom");
      var hideInState = $("#product-13394782584891").data("hideinstate");      
      
      if(additional){                
        $("#product-13394782584891 .additional .sale").html(additional.toUpperCase());
        $("#product-13394782584891 .additional").show();
      }
      
      $("#product-13394782584891 .btn").attr('data-id',variantId);      
      $("#product-13394782584891 .btn").attr('data-cap',compareAtPrice);          
      $("#product-13394782584891 .caption .salecontainer .sale .from_price").html('$' + (variantArray[5]/100).toFixed(2));         
        
      if(special != "Default"){          
        $("#product-13394782584891 .caption .unit_price .from_price").addClass("is-special");            
      }
            
      if (!compareAtPrice){
        if (uom != "" && uom ){ 
          $("#product-13394782584891 .caption .salecontainer .sale .compare_at_price").html('<small>$'+((price*conversionFactor)/100).toFixed(2)+" "+uom+'</small>');
        } 
      }
      else{
        $("#product-13394782584891 .caption .salecontainer .sale .compare_at_price").html('<small>$' + (variantArray[6]/100).toFixed(2) + ' per kg</small>');              
      }
        
      if((parseInt(variantArray[7])<=0) || (hideInState.indexOf(currState) != -1)){
        $("#product-13394782584891 .ajax-add-to-cart-quick").html("<p class='error'>Out of Stock</p>");          
        $("#product-13394782584891 a").css({"pointer-events":"none"});          
        $("#product-13394782584891").remove();
        console.log(variantId + " removed.");            
      }
      else{
        $("#product-13394782584891").addClass("in-stock");
        
        var items = $("#headercartvals").attr("data-items").split(";");

        $.each(items, function(index, item) {
          if (item){ 
            var itemId = item.split("-")[0];
            var itemQty = item.split("-")[1];

            if(variantArray[4] === itemId){
              $("#product-13394782584891").find(".ajax-add-to-cart-quick").hide();
              $("#product-13394782584891").find(".ajax-update-cart .addToCartInput").val(itemQty);
              $("#product-13394782584891").find(".ajax-update-cart").show();
              return;                       
            } 
          }
        });                              
      }      
    }
  }                         
  $(".product-item").not(".in-stock").hide();              
</script>

<script>

    var productId =  null;
    var productObj = null;
    
        productId = "#product-13394782584891";
        productObj = $(productId).find('.product-of-origin');
    

    // product of origin second part of the rule
    if(productOfOrigin == "Default"){
        $(productObj).html("Product of Australia");
    } else if (productOfOrigin == "Packaged in") {
        $(productObj).html("Packed in Australia from Imported Ingredients");
    } else if (productOfOrigin == "Packaged in local") {
        $(productObj).html("Packed in Australia from Imported and Local Ingredients");
    } else if (productOfOrigin == "Made In") {
        $(productObj).html("Made in Australia from Imported Ingredients");
    } else if (productOfOrigin == "Made in local") {
        $(productObj).html("Made in Australia from Imported and Local Ingredients"); 
    } else{
        $(productObj).html("Product of "+ productOfOrigin);
    }

</script> 


        
           








<div class="product-item columns large-2 in-stock" id="product-13392662396987" data-variants="s:1,,,,13392662396987,749,,0;s:73,Australia,,,13392662429755,749,,11;" data-s1="0" data-s73="11" data-sort-tag="" data-shopify-sku="602253" data-uom="per kg" data-conversion-factor="2" data-hideinstate="-">
  <script>
    var variants = addslashes("s:1,Default,Default,,13392662396987,749,,0;s:73,Australia,Default,,13392662429755,749,,11;"); 
	var partsOfStr = variants.split(';');
  </script>
  
  <div class="collection-image">
    <div class="additional" style="width: 100%; height: auto; position: absolute; left: 0px; top: 0px; background: rgba(183, 183, 183, 0.37); color: white; padding: 4px; display: none">
      <span class="sale" style="font-size: 14px; color: black;"></span></div>
    <a href="/collections/beef/products/sausages-traditional-beef-beak-sons">
      <img class="lazyOwl" data-src="//cdn.shopify.com/s/files/1/0206/9470/products/602253-done_large.jpg?v=1557451343" src="//cdn.shopify.com/s/files/1/0206/9470/products/602253-done_medium.jpg?v=1557451343" alt="Beak and Sons Classic Beefy Sausages 500g" style="height: 100%; width: 100%">
    </a>
  </div>   
  <!-- .coll-image-wrap -->

  <div class="caption">
    
    <div class="box-title">
      
      <p class="title" style="height: 45px; font-size: 12px;">
        <a href="/collections/beef/products/sausages-traditional-beef-beak-sons">
          Beak and Sons Classic Beefy Sausages 500g 
        </a>
      </p>
      
      <script>
    var productOfOrigin;
</script>

    
    

    <!-- product of origin first part of the rule -->
    

    
    

    <!-- product of origin first part of the rule -->
    

    
    

    <!-- product of origin first part of the rule -->
    

    
    

    <!-- product of origin first part of the rule -->
    

    
    

    <!-- product of origin first part of the rule -->
    

    
    

    <!-- product of origin first part of the rule -->
    

    
    

    <!-- product of origin first part of the rule -->
    




      <div class="salecontainer">
        <span class="sale">			

          <span class="unit_price"><strong><span class="from_price">$7.49</span> <small>ea</small></strong></span><br>
    		  <span class="compare_at_price unit_price"><small>$14.98 per kg</small></span> 
        </span>
      </div>

    </div>


  </div><!-- .coll-prod-caption -->

  
<div class="ajax-add-to-cart-quick custom-form" style="position:absolute; left:0; right:0; bottom:-10px; justify-content:center;">  
  <select name="quantity" class="addToCartSelect">    
    
    	<option value="1">1</option>
    
    	<option value="2">2</option>
    
    	<option value="3">3</option>
    
    	<option value="4">4</option>
    
    	<option value="5">5</option>
    
    	<option value="6">6</option>
    
    	<option value="7">7</option>
    
    	<option value="8">8</option>
    
    	<option value="9">9</option>
    
    	<option value="10">10</option>
    
    	<option value="11">11</option>
    
    	<option value="12">12</option>
    
    	<option value="13">13</option>
    
    	<option value="14">14</option>
    
    	<option value="15">15</option>
    
    	<option value="16">16</option>
    
    	<option value="17">17</option>
    
    	<option value="18">18</option>
    
    	<option value="19">19</option>
    
    	<option value="20">20</option>
    
  </select>&nbsp; 
  <button class="btn addToCartButton" type="button" name="add" data-id="13392662429755" data-weather="" data-wholesale="" data-cap="" data-slider="" data-seafood="" data-juice="" data-mealkit="" data-loosesalad="" data-instorebakery="" data-shortdate="" data-hideinstate="-" style="white-space: nowrap; padding: 10px; height: 35px; width: 75px; letter-spacing: 0;">ADD</button>
</div>

<div class="ajax-update-cart custom-form" style="position:absolute; left:0; right:0; bottom:-10px; justify-content:center; display:none;">
  <a href="javascript:;" class="minusitem"><img src="//cdn.shopify.com/s/files/1/0206/9470/t/232/assets/MinusIcon.jpg?v=8086515874301911391" style="width: 30px; height: 35px;"></a>
  <input type="text" pattern="[0-9.]+" class="ajaxquantity addToCartInput" name="quantity" value="" readonly="" style="display:inline-block">
  <div class="lds-ring"><div></div><div></div><div></div><div></div></div>
  <a href="javascript:;" class="plusitem"><img src="//cdn.shopify.com/s/files/1/0206/9470/t/232/assets/PlusIcon.jpg?v=15674260478820120933" style="width: 30px; height: 35px;"></a>&nbsp; 
  <button class="btn addToCartButton" type="button" name="add" data-id="13392662429755" data-weather="" data-wholesale="" data-cap="" data-slider="" data-seafood="" data-juice="" data-mealkit="" data-loosesalad="" data-instorebakery="" data-shortdate="" data-hideinstate="-" style="background: #84D1E8; white-space: nowrap; padding: 10px; height: 35px; letter-spacing: 0;" onclick="window.location='/cart'">IN CART</button>
</div>


</div>

<script>        
  var pickingStore = (!$.cookie("picking_store")) ? 73 : $.cookie("picking_store"); 
  var pickingStoreVariant = "s:"+pickingStore;
  
  for (var i = 0; i < partsOfStr.length; i++){
    var variantArray = partsOfStr[i].split(',');
    var showProduct = false;    
    
    if (variantArray[0].trim() == pickingStoreVariant.trim()){
      showProduct = true;
      productOfOrigin = variantArray[1];
      var special =  variantArray[2]; 
      var additional = variantArray[3];       
      var variantId = variantArray[4];
      var price =  variantArray[5];
      var compareAtPrice = variantArray[6];
      var conversionFactor = $("#product-13392662396987").data("conversion-factor");                               
      var uom = $("#product-13392662396987").data("uom");
      var hideInState = $("#product-13392662396987").data("hideinstate");      
      
      if(additional){                
        $("#product-13392662396987 .additional .sale").html(additional.toUpperCase());
        $("#product-13392662396987 .additional").show();
      }
      
      $("#product-13392662396987 .btn").attr('data-id',variantId);      
      $("#product-13392662396987 .btn").attr('data-cap',compareAtPrice);          
      $("#product-13392662396987 .caption .salecontainer .sale .from_price").html('$' + (variantArray[5]/100).toFixed(2));         
        
      if(special != "Default"){          
        $("#product-13392662396987 .caption .unit_price .from_price").addClass("is-special");            
      }
            
      if (!compareAtPrice){
        if (uom != "" && uom ){ 
          $("#product-13392662396987 .caption .salecontainer .sale .compare_at_price").html('<small>$'+((price*conversionFactor)/100).toFixed(2)+" "+uom+'</small>');
        } 
      }
      else{
        $("#product-13392662396987 .caption .salecontainer .sale .compare_at_price").html('<small>$' + (variantArray[6]/100).toFixed(2) + ' per kg</small>');              
      }
        
      if((parseInt(variantArray[7])<=0) || (hideInState.indexOf(currState) != -1)){
        $("#product-13392662396987 .ajax-add-to-cart-quick").html("<p class='error'>Out of Stock</p>");          
        $("#product-13392662396987 a").css({"pointer-events":"none"});          
        $("#product-13392662396987").remove();
        console.log(variantId + " removed.");            
      }
      else{
        $("#product-13392662396987").addClass("in-stock");
        
        var items = $("#headercartvals").attr("data-items").split(";");

        $.each(items, function(index, item) {
          if (item){ 
            var itemId = item.split("-")[0];
            var itemQty = item.split("-")[1];

            if(variantArray[4] === itemId){
              $("#product-13392662396987").find(".ajax-add-to-cart-quick").hide();
              $("#product-13392662396987").find(".ajax-update-cart .addToCartInput").val(itemQty);
              $("#product-13392662396987").find(".ajax-update-cart").show();
              return;                       
            } 
          }
        });                              
      }      
    }
  }                         
  $(".product-item").not(".in-stock").hide();              
</script>

<script>

    var productId =  null;
    var productObj = null;
    
        productId = "#product-13392662396987";
        productObj = $(productId).find('.product-of-origin');
    

    // product of origin second part of the rule
    if(productOfOrigin == "Default"){
        $(productObj).html("Product of Australia");
    } else if (productOfOrigin == "Packaged in") {
        $(productObj).html("Packed in Australia from Imported Ingredients");
    } else if (productOfOrigin == "Packaged in local") {
        $(productObj).html("Packed in Australia from Imported and Local Ingredients");
    } else if (productOfOrigin == "Made In") {
        $(productObj).html("Made in Australia from Imported Ingredients");
    } else if (productOfOrigin == "Made in local") {
        $(productObj).html("Made in Australia from Imported and Local Ingredients"); 
    } else{
        $(productObj).html("Product of "+ productOfOrigin);
    }

</script> 


        
           








<div class="product-item columns large-2 in-stock" id="product-671652557" data-variants="s:1,Australia,,,671652557,1949,1299,0;s:73,Australia,,,2165809184777,1949,1299,10;" data-s1="0" data-s73="10" data-sort-tag="" data-shopify-sku="552175" data-uom="per kg" data-conversion-factor="0.666666666666666667" data-hideinstate="-">
  <script>
    var variants = addslashes("s:1,Australia,Default,,671652557,1949,1299,0;s:73,Australia,Default,,2165809184777,1949,1299,10;"); 
	var partsOfStr = variants.split(';');
  </script>
  
  <div class="collection-image">
    <div class="additional" style="width: 100%; height: auto; position: absolute; left: 0px; top: 0px; background: rgba(183, 183, 183, 0.37); color: white; padding: 4px; display: none">
      <span class="sale" style="font-size: 14px; color: black;"></span></div>
    <a href="/collections/beef/products/beef-corned-silverside">
      <img class="lazyOwl" data-src="//cdn.shopify.com/s/files/1/0206/9470/products/corned_silverside_resized_5f0f004e-c67b-4904-9d4a-ae2e414cc05e_large.jpeg?v=1485833656" src="//cdn.shopify.com/s/files/1/0206/9470/products/corned_silverside_resized_5f0f004e-c67b-4904-9d4a-ae2e414cc05e_medium.jpeg?v=1485833656" alt="Beef Corned Silverside (900g - 1.3kg) , Frdg5-Meat - HFM, Harris Farm Markets
" style="height: 100%; width: 100%">
    </a>
  </div>   
  <!-- .coll-image-wrap -->

  <div class="caption">
    
    <div class="box-title">
      
      <p class="title" style="height: 45px; ">
        <a href="/collections/beef/products/beef-corned-silverside">
          Beef Corned Silverside 1kg-1.5kg 
        </a>
      </p>
      
      <script>
    var productOfOrigin;
</script>

    
    

    <!-- product of origin first part of the rule -->
    

    
    

    <!-- product of origin first part of the rule -->
    

    
    

    <!-- product of origin first part of the rule -->
    

    
    

    <!-- product of origin first part of the rule -->
    




      <div class="salecontainer">
        <span class="sale">			

          <span class="unit_price"><strong><span class="from_price">$19.49</span> <small>ea</small></strong></span><br>
    		  <span class="compare_at_price unit_price"><small>$12.99 per kg</small></span> 
        </span>
      </div>

    </div>


  </div><!-- .coll-prod-caption -->

  
<div class="ajax-add-to-cart-quick custom-form" style="position:absolute; left:0; right:0; bottom:-10px; justify-content:center;">  
  <select name="quantity" class="addToCartSelect">    
    
    	<option value="1">1</option>
    
    	<option value="2">2</option>
    
    	<option value="3">3</option>
    
    	<option value="4">4</option>
    
    	<option value="5">5</option>
    
    	<option value="6">6</option>
    
    	<option value="7">7</option>
    
    	<option value="8">8</option>
    
    	<option value="9">9</option>
    
    	<option value="10">10</option>
    
    	<option value="11">11</option>
    
    	<option value="12">12</option>
    
    	<option value="13">13</option>
    
    	<option value="14">14</option>
    
    	<option value="15">15</option>
    
    	<option value="16">16</option>
    
    	<option value="17">17</option>
    
    	<option value="18">18</option>
    
    	<option value="19">19</option>
    
    	<option value="20">20</option>
    
  </select>&nbsp; 
  <button class="btn addToCartButton" type="button" name="add" data-id="2165809184777" data-weather="" data-wholesale="" data-cap="1299" data-slider="" data-seafood="" data-juice="" data-mealkit="" data-loosesalad="" data-instorebakery="" data-shortdate="" data-hideinstate="-" style="white-space: nowrap; padding: 10px; height: 35px; width: 75px; letter-spacing: 0;">ADD</button>
</div>

<div class="ajax-update-cart custom-form" style="position:absolute; left:0; right:0; bottom:-10px; justify-content:center; display:none;">
  <a href="javascript:;" class="minusitem"><img src="//cdn.shopify.com/s/files/1/0206/9470/t/232/assets/MinusIcon.jpg?v=8086515874301911391" style="width: 30px; height: 35px;"></a>
  <input type="text" pattern="[0-9.]+" class="ajaxquantity addToCartInput" name="quantity" value="" readonly="" style="display:inline-block">
  <div class="lds-ring"><div></div><div></div><div></div><div></div></div>
  <a href="javascript:;" class="plusitem"><img src="//cdn.shopify.com/s/files/1/0206/9470/t/232/assets/PlusIcon.jpg?v=15674260478820120933" style="width: 30px; height: 35px;"></a>&nbsp; 
  <button class="btn addToCartButton" type="button" name="add" data-id="2165809184777" data-weather="" data-wholesale="" data-cap="1299" data-slider="" data-seafood="" data-juice="" data-mealkit="" data-loosesalad="" data-instorebakery="" data-shortdate="" data-hideinstate="-" style="background: #84D1E8; white-space: nowrap; padding: 10px; height: 35px; letter-spacing: 0;" onclick="window.location='/cart'">IN CART</button>
</div>


</div>

<script>        
  var pickingStore = (!$.cookie("picking_store")) ? 73 : $.cookie("picking_store"); 
  var pickingStoreVariant = "s:"+pickingStore;
  
  for (var i = 0; i < partsOfStr.length; i++){
    var variantArray = partsOfStr[i].split(',');
    var showProduct = false;    
    
    if (variantArray[0].trim() == pickingStoreVariant.trim()){
      showProduct = true;
      productOfOrigin = variantArray[1];
      var special =  variantArray[2]; 
      var additional = variantArray[3];       
      var variantId = variantArray[4];
      var price =  variantArray[5];
      var compareAtPrice = variantArray[6];
      var conversionFactor = $("#product-671652557").data("conversion-factor");                               
      var uom = $("#product-671652557").data("uom");
      var hideInState = $("#product-671652557").data("hideinstate");      
      
      if(additional){                
        $("#product-671652557 .additional .sale").html(additional.toUpperCase());
        $("#product-671652557 .additional").show();
      }
      
      $("#product-671652557 .btn").attr('data-id',variantId);      
      $("#product-671652557 .btn").attr('data-cap',compareAtPrice);          
      $("#product-671652557 .caption .salecontainer .sale .from_price").html('$' + (variantArray[5]/100).toFixed(2));         
        
      if(special != "Default"){          
        $("#product-671652557 .caption .unit_price .from_price").addClass("is-special");            
      }
            
      if (!compareAtPrice){
        if (uom != "" && uom ){ 
          $("#product-671652557 .caption .salecontainer .sale .compare_at_price").html('<small>$'+((price*conversionFactor)/100).toFixed(2)+" "+uom+'</small>');
        } 
      }
      else{
        $("#product-671652557 .caption .salecontainer .sale .compare_at_price").html('<small>$' + (variantArray[6]/100).toFixed(2) + ' per kg</small>');              
      }
        
      if((parseInt(variantArray[7])<=0) || (hideInState.indexOf(currState) != -1)){
        $("#product-671652557 .ajax-add-to-cart-quick").html("<p class='error'>Out of Stock</p>");          
        $("#product-671652557 a").css({"pointer-events":"none"});          
        $("#product-671652557").remove();
        console.log(variantId + " removed.");            
      }
      else{
        $("#product-671652557").addClass("in-stock");
        
        var items = $("#headercartvals").attr("data-items").split(";");

        $.each(items, function(index, item) {
          if (item){ 
            var itemId = item.split("-")[0];
            var itemQty = item.split("-")[1];

            if(variantArray[4] === itemId){
              $("#product-671652557").find(".ajax-add-to-cart-quick").hide();
              $("#product-671652557").find(".ajax-update-cart .addToCartInput").val(itemQty);
              $("#product-671652557").find(".ajax-update-cart").show();
              return;                       
            } 
          }
        });                              
      }      
    }
  }                         
  $(".product-item").not(".in-stock").hide();              
</script>

<script>

    var productId =  null;
    var productObj = null;
    
        productId = "#product-671652557";
        productObj = $(productId).find('.product-of-origin');
    

    // product of origin second part of the rule
    if(productOfOrigin == "Default"){
        $(productObj).html("Product of Australia");
    } else if (productOfOrigin == "Packaged in") {
        $(productObj).html("Packed in Australia from Imported Ingredients");
    } else if (productOfOrigin == "Packaged in local") {
        $(productObj).html("Packed in Australia from Imported and Local Ingredients");
    } else if (productOfOrigin == "Made In") {
        $(productObj).html("Made in Australia from Imported Ingredients");
    } else if (productOfOrigin == "Made in local") {
        $(productObj).html("Made in Australia from Imported and Local Ingredients"); 
    } else{
        $(productObj).html("Product of "+ productOfOrigin);
    }

</script> 


        
           








<div class="product-item columns large-2 in-stock" id="product-671652925" data-variants="s:1,Australia,,,671652925,5248,2499,0;s:73,Australia,,,2165828386825,5248,2499,25;" data-s1="0" data-s73="25" data-sort-tag="" data-shopify-sku="552190" data-uom="per kg" data-conversion-factor="0.47619047619047619" data-hideinstate="-">
  <script>
    var variants = addslashes("s:1,Australia,Default,,671652925,5248,2499,0;s:73,Australia,Default,,2165828386825,5248,2499,25;"); 
	var partsOfStr = variants.split(';');
  </script>
  
  <div class="collection-image">
    <div class="additional" style="width: 100%; height: auto; position: absolute; left: 0px; top: 0px; background: rgba(183, 183, 183, 0.37); color: white; padding: 4px; display: none">
      <span class="sale" style="font-size: 14px; color: black;"></span></div>
    <a href="/collections/beef/products/beef-rump-cap-552190">
      <img class="lazyOwl" data-src="//cdn.shopify.com/s/files/1/0206/9470/products/Beef_Rump_Cap_552190_large.jpg?v=1594789650" src="//cdn.shopify.com/s/files/1/0206/9470/products/Beef_Rump_Cap_552190_medium.jpg?v=1594789650" alt="Beef - Rump Cap Whole | Harris Farm Online" style="height: 100%; width: 100%">
    </a>
  </div>   
  <!-- .coll-image-wrap -->

  <div class="caption">
    
    <div class="box-title">
      
      <p class="title" style="height: 45px; ">
        <a href="/collections/beef/products/beef-rump-cap-552190">
          Beef Rump Cap 1-2.1kg 
        </a>
      </p>
      
      <script>
    var productOfOrigin;
</script>

    
    

    <!-- product of origin first part of the rule -->
    

    
    

    <!-- product of origin first part of the rule -->
    

    
    

    <!-- product of origin first part of the rule -->
    

    
    

    <!-- product of origin first part of the rule -->
    

    
    

    <!-- product of origin first part of the rule -->
    




      <div class="salecontainer">
        <span class="sale">			

          <span class="unit_price"><strong><span class="from_price">$52.48</span> <small>ea</small></strong></span><br>
    		  <span class="compare_at_price unit_price"><small>$24.99 per kg</small></span> 
        </span>
      </div>

    </div>


  </div><!-- .coll-prod-caption -->

  
<div class="ajax-add-to-cart-quick custom-form" style="position:absolute; left:0; right:0; bottom:-10px; justify-content:center;">  
  <select name="quantity" class="addToCartSelect">    
    
    	<option value="1">1</option>
    
    	<option value="2">2</option>
    
    	<option value="3">3</option>
    
    	<option value="4">4</option>
    
    	<option value="5">5</option>
    
    	<option value="6">6</option>
    
    	<option value="7">7</option>
    
    	<option value="8">8</option>
    
    	<option value="9">9</option>
    
    	<option value="10">10</option>
    
    	<option value="11">11</option>
    
    	<option value="12">12</option>
    
    	<option value="13">13</option>
    
    	<option value="14">14</option>
    
    	<option value="15">15</option>
    
    	<option value="16">16</option>
    
    	<option value="17">17</option>
    
    	<option value="18">18</option>
    
    	<option value="19">19</option>
    
    	<option value="20">20</option>
    
  </select>&nbsp; 
  <button class="btn addToCartButton" type="button" name="add" data-id="2165828386825" data-weather="" data-wholesale="" data-cap="2499" data-slider="" data-seafood="" data-juice="" data-mealkit="" data-loosesalad="" data-instorebakery="" data-shortdate="" data-hideinstate="-" style="white-space: nowrap; padding: 10px; height: 35px; width: 75px; letter-spacing: 0;">ADD</button>
</div>

<div class="ajax-update-cart custom-form" style="position:absolute; left:0; right:0; bottom:-10px; justify-content:center; display:none;">
  <a href="javascript:;" class="minusitem"><img src="//cdn.shopify.com/s/files/1/0206/9470/t/232/assets/MinusIcon.jpg?v=8086515874301911391" style="width: 30px; height: 35px;"></a>
  <input type="text" pattern="[0-9.]+" class="ajaxquantity addToCartInput" name="quantity" value="" readonly="" style="display:inline-block">
  <div class="lds-ring"><div></div><div></div><div></div><div></div></div>
  <a href="javascript:;" class="plusitem"><img src="//cdn.shopify.com/s/files/1/0206/9470/t/232/assets/PlusIcon.jpg?v=15674260478820120933" style="width: 30px; height: 35px;"></a>&nbsp; 
  <button class="btn addToCartButton" type="button" name="add" data-id="2165828386825" data-weather="" data-wholesale="" data-cap="2499" data-slider="" data-seafood="" data-juice="" data-mealkit="" data-loosesalad="" data-instorebakery="" data-shortdate="" data-hideinstate="-" style="background: #84D1E8; white-space: nowrap; padding: 10px; height: 35px; letter-spacing: 0;" onclick="window.location='/cart'">IN CART</button>
</div>


</div>

<script>        
  var pickingStore = (!$.cookie("picking_store")) ? 73 : $.cookie("picking_store"); 
  var pickingStoreVariant = "s:"+pickingStore;
  
  for (var i = 0; i < partsOfStr.length; i++){
    var variantArray = partsOfStr[i].split(',');
    var showProduct = false;    
    
    if (variantArray[0].trim() == pickingStoreVariant.trim()){
      showProduct = true;
      productOfOrigin = variantArray[1];
      var special =  variantArray[2]; 
      var additional = variantArray[3];       
      var variantId = variantArray[4];
      var price =  variantArray[5];
      var compareAtPrice = variantArray[6];
      var conversionFactor = $("#product-671652925").data("conversion-factor");                               
      var uom = $("#product-671652925").data("uom");
      var hideInState = $("#product-671652925").data("hideinstate");      
      
      if(additional){                
        $("#product-671652925 .additional .sale").html(additional.toUpperCase());
        $("#product-671652925 .additional").show();
      }
      
      $("#product-671652925 .btn").attr('data-id',variantId);      
      $("#product-671652925 .btn").attr('data-cap',compareAtPrice);          
      $("#product-671652925 .caption .salecontainer .sale .from_price").html('$' + (variantArray[5]/100).toFixed(2));         
        
      if(special != "Default"){          
        $("#product-671652925 .caption .unit_price .from_price").addClass("is-special");            
      }
            
      if (!compareAtPrice){
        if (uom != "" && uom ){ 
          $("#product-671652925 .caption .salecontainer .sale .compare_at_price").html('<small>$'+((price*conversionFactor)/100).toFixed(2)+" "+uom+'</small>');
        } 
      }
      else{
        $("#product-671652925 .caption .salecontainer .sale .compare_at_price").html('<small>$' + (variantArray[6]/100).toFixed(2) + ' per kg</small>');              
      }
        
      if((parseInt(variantArray[7])<=0) || (hideInState.indexOf(currState) != -1)){
        $("#product-671652925 .ajax-add-to-cart-quick").html("<p class='error'>Out of Stock</p>");          
        $("#product-671652925 a").css({"pointer-events":"none"});          
        $("#product-671652925").remove();
        console.log(variantId + " removed.");            
      }
      else{
        $("#product-671652925").addClass("in-stock");
        
        var items = $("#headercartvals").attr("data-items").split(";");

        $.each(items, function(index, item) {
          if (item){ 
            var itemId = item.split("-")[0];
            var itemQty = item.split("-")[1];

            if(variantArray[4] === itemId){
              $("#product-671652925").find(".ajax-add-to-cart-quick").hide();
              $("#product-671652925").find(".ajax-update-cart .addToCartInput").val(itemQty);
              $("#product-671652925").find(".ajax-update-cart").show();
              return;                       
            } 
          }
        });                              
      }      
    }
  }                         
  $(".product-item").not(".in-stock").hide();              
</script>

<script>

    var productId =  null;
    var productObj = null;
    
        productId = "#product-671652925";
        productObj = $(productId).find('.product-of-origin');
    

    // product of origin second part of the rule
    if(productOfOrigin == "Default"){
        $(productObj).html("Product of Australia");
    } else if (productOfOrigin == "Packaged in") {
        $(productObj).html("Packed in Australia from Imported Ingredients");
    } else if (productOfOrigin == "Packaged in local") {
        $(productObj).html("Packed in Australia from Imported and Local Ingredients");
    } else if (productOfOrigin == "Made In") {
        $(productObj).html("Made in Australia from Imported Ingredients");
    } else if (productOfOrigin == "Made in local") {
        $(productObj).html("Made in Australia from Imported and Local Ingredients"); 
    } else{
        $(productObj).html("Product of "+ productOfOrigin);
    }

</script> 


        
           








<div class="product-item columns large-2 in-stock" id="product-31885265436731" data-variants="s:1,,,,31885265436731,3999,,0;s:73,,,,31885265469499,3999,,10;" data-s1="0" data-s73="10" data-sort-tag="" data-shopify-sku="77901" data-uom="per serving" data-conversion-factor="0.25" data-hideinstate="-">
  <script>
    var variants = addslashes("s:1,Default,Default,,31885265436731,3999,,0;s:73,Default,Default,,31885265469499,3999,,10;"); 
	var partsOfStr = variants.split(';');
  </script>
  
  <div class="collection-image">
    <div class="additional" style="width: 100%; height: auto; position: absolute; left: 0px; top: 0px; background: rgba(183, 183, 183, 0.37); color: white; padding: 4px; display: none">
      <span class="sale" style="font-size: 14px; color: black;"></span></div>
    <a href="/collections/beef/products/beef-tikka-masala-with-basmati-rice-chickpeas-77901">
      <img class="lazyOwl" data-src="//cdn.shopify.com/s/files/1/0206/9470/products/77887-2048px-done_large.jpg?v=1580692490" src="//cdn.shopify.com/s/files/1/0206/9470/products/77887-2048px-done_medium.jpg?v=1580692490" alt="buy Beef Tikka Masala meal kits online from harris farm" style="height: 100%; width: 100%">
    </a>
  </div>   
  <!-- .coll-image-wrap -->

  <div class="caption">
    
    <div class="box-title">
      
      <p class="title" style="height: 45px; font-size: 12px;">
        <a href="/collections/beef/products/beef-tikka-masala-with-basmati-rice-chickpeas-77901">
          Beef Tikka Masala with Basmati Rice and Chickpeas 
        </a>
      </p>
      
      <script>
    var productOfOrigin;
</script>

    
    

    <!-- product of origin first part of the rule -->
    

    
    

    <!-- product of origin first part of the rule -->
    

    
    

    <!-- product of origin first part of the rule -->
    

    
    

    <!-- product of origin first part of the rule -->
    

    
    

    <!-- product of origin first part of the rule -->
    

    
    

    <!-- product of origin first part of the rule -->
    

    
    

    <!-- product of origin first part of the rule -->
    

    
    

    <!-- product of origin first part of the rule -->
    

    
    

    <!-- product of origin first part of the rule -->
    




      <div class="salecontainer">
        <span class="sale">			

          <span class="unit_price"><strong><span class="from_price">$39.99</span> <small>ea</small></strong></span><br>
    		  <span class="compare_at_price unit_price"><small>$10.00 per serving</small></span> 
        </span>
      </div>

    </div>


  </div><!-- .coll-prod-caption -->

  
<div class="ajax-add-to-cart-quick custom-form" style="position:absolute; left:0; right:0; bottom:-10px; justify-content:center;">  
  <select name="quantity" class="addToCartSelect">    
    
    	<option value="1">1</option>
    
    	<option value="2">2</option>
    
    	<option value="3">3</option>
    
    	<option value="4">4</option>
    
    	<option value="5">5</option>
    
    	<option value="6">6</option>
    
    	<option value="7">7</option>
    
    	<option value="8">8</option>
    
    	<option value="9">9</option>
    
    	<option value="10">10</option>
    
    	<option value="11">11</option>
    
    	<option value="12">12</option>
    
    	<option value="13">13</option>
    
    	<option value="14">14</option>
    
    	<option value="15">15</option>
    
    	<option value="16">16</option>
    
    	<option value="17">17</option>
    
    	<option value="18">18</option>
    
    	<option value="19">19</option>
    
    	<option value="20">20</option>
    
  </select>&nbsp; 
  <button class="btn addToCartButton" type="button" name="add" data-id="31885265469499" data-weather="" data-wholesale="" data-cap="" data-slider="" data-seafood="" data-juice="" data-mealkit="yes" data-loosesalad="" data-instorebakery="" data-shortdate="" data-hideinstate="-" style="white-space: nowrap; padding: 10px; height: 35px; width: 75px; letter-spacing: 0;">ADD</button>
</div>

<div class="ajax-update-cart custom-form" style="position:absolute; left:0; right:0; bottom:-10px; justify-content:center; display:none;">
  <a href="javascript:;" class="minusitem"><img src="//cdn.shopify.com/s/files/1/0206/9470/t/232/assets/MinusIcon.jpg?v=8086515874301911391" style="width: 30px; height: 35px;"></a>
  <input type="text" pattern="[0-9.]+" class="ajaxquantity addToCartInput" name="quantity" value="" readonly="" style="display:inline-block">
  <div class="lds-ring"><div></div><div></div><div></div><div></div></div>
  <a href="javascript:;" class="plusitem"><img src="//cdn.shopify.com/s/files/1/0206/9470/t/232/assets/PlusIcon.jpg?v=15674260478820120933" style="width: 30px; height: 35px;"></a>&nbsp; 
  <button class="btn addToCartButton" type="button" name="add" data-id="31885265469499" data-weather="" data-wholesale="" data-cap="" data-slider="" data-seafood="" data-juice="" data-mealkit="yes" data-loosesalad="" data-instorebakery="" data-shortdate="" data-hideinstate="-" style="background: #84D1E8; white-space: nowrap; padding: 10px; height: 35px; letter-spacing: 0;" onclick="window.location='/cart'">IN CART</button>
</div>


</div>

<script>        
  var pickingStore = (!$.cookie("picking_store")) ? 73 : $.cookie("picking_store"); 
  var pickingStoreVariant = "s:"+pickingStore;
  
  for (var i = 0; i < partsOfStr.length; i++){
    var variantArray = partsOfStr[i].split(',');
    var showProduct = false;    
    
    if (variantArray[0].trim() == pickingStoreVariant.trim()){
      showProduct = true;
      productOfOrigin = variantArray[1];
      var special =  variantArray[2]; 
      var additional = variantArray[3];       
      var variantId = variantArray[4];
      var price =  variantArray[5];
      var compareAtPrice = variantArray[6];
      var conversionFactor = $("#product-31885265436731").data("conversion-factor");                               
      var uom = $("#product-31885265436731").data("uom");
      var hideInState = $("#product-31885265436731").data("hideinstate");      
      
      if(additional){                
        $("#product-31885265436731 .additional .sale").html(additional.toUpperCase());
        $("#product-31885265436731 .additional").show();
      }
      
      $("#product-31885265436731 .btn").attr('data-id',variantId);      
      $("#product-31885265436731 .btn").attr('data-cap',compareAtPrice);          
      $("#product-31885265436731 .caption .salecontainer .sale .from_price").html('$' + (variantArray[5]/100).toFixed(2));         
        
      if(special != "Default"){          
        $("#product-31885265436731 .caption .unit_price .from_price").addClass("is-special");            
      }
            
      if (!compareAtPrice){
        if (uom != "" && uom ){ 
          $("#product-31885265436731 .caption .salecontainer .sale .compare_at_price").html('<small>$'+((price*conversionFactor)/100).toFixed(2)+" "+uom+'</small>');
        } 
      }
      else{
        $("#product-31885265436731 .caption .salecontainer .sale .compare_at_price").html('<small>$' + (variantArray[6]/100).toFixed(2) + ' per kg</small>');              
      }
        
      if((parseInt(variantArray[7])<=0) || (hideInState.indexOf(currState) != -1)){
        $("#product-31885265436731 .ajax-add-to-cart-quick").html("<p class='error'>Out of Stock</p>");          
        $("#product-31885265436731 a").css({"pointer-events":"none"});          
        $("#product-31885265436731").remove();
        console.log(variantId + " removed.");            
      }
      else{
        $("#product-31885265436731").addClass("in-stock");
        
        var items = $("#headercartvals").attr("data-items").split(";");

        $.each(items, function(index, item) {
          if (item){ 
            var itemId = item.split("-")[0];
            var itemQty = item.split("-")[1];

            if(variantArray[4] === itemId){
              $("#product-31885265436731").find(".ajax-add-to-cart-quick").hide();
              $("#product-31885265436731").find(".ajax-update-cart .addToCartInput").val(itemQty);
              $("#product-31885265436731").find(".ajax-update-cart").show();
              return;                       
            } 
          }
        });                              
      }      
    }
  }                         
  $(".product-item").not(".in-stock").hide();              
</script>

<script>

    var productId =  null;
    var productObj = null;
    
        productId = "#product-31885265436731";
        productObj = $(productId).find('.product-of-origin');
    

    // product of origin second part of the rule
    if(productOfOrigin == "Default"){
        $(productObj).html("Product of Australia");
    } else if (productOfOrigin == "Packaged in") {
        $(productObj).html("Packed in Australia from Imported Ingredients");
    } else if (productOfOrigin == "Packaged in local") {
        $(productObj).html("Packed in Australia from Imported and Local Ingredients");
    } else if (productOfOrigin == "Made In") {
        $(productObj).html("Made in Australia from Imported Ingredients");
    } else if (productOfOrigin == "Made in local") {
        $(productObj).html("Made in Australia from Imported and Local Ingredients"); 
    } else{
        $(productObj).html("Product of "+ productOfOrigin);
    }

</script> 


        
           








<div class="product-item columns large-2 in-stock" id="product-21030442336315" data-variants="s:1,Australia,,,21030442336315,4957,1599,0;s:73,Australia,,,21030442369083,4957,1599,8;" data-s1="0" data-s73="8" data-sort-tag="" data-shopify-sku="560669" data-uom="per kg" data-conversion-factor="0.322580645161290323" data-hideinstate="-">
  <script>
    var variants = addslashes("s:1,Australia,Default,,21030442336315,4957,1599,0;s:73,Australia,Default,,21030442369083,4957,1599,8;"); 
	var partsOfStr = variants.split(';');
  </script>
  
  <div class="collection-image">
    <div class="additional" style="width: 100%; height: auto; position: absolute; left: 0px; top: 0px; background: rgba(183, 183, 183, 0.37); color: white; padding: 4px; display: none">
      <span class="sale" style="font-size: 14px; color: black;"></span></div>
    <a href="/collections/beef/products/harris-farm-beef-yearling-brisket-560669">
      <img class="lazyOwl" data-src="//cdn.shopify.com/s/files/1/0206/9470/products/560669-done_55625dab-e299-48dc-b3e5-2ef199ca2a7a_large.jpg?v=1594791904" src="//cdn.shopify.com/s/files/1/0206/9470/products/560669-done_55625dab-e299-48dc-b3e5-2ef199ca2a7a_medium.jpg?v=1594791904" alt="Beef - Yearling Brisket | Harris Farm Online" style="height: 100%; width: 100%">
    </a>
  </div>   
  <!-- .coll-image-wrap -->

  <div class="caption">
    
    <div class="box-title">
      
      <p class="title" style="height: 45px; ">
        <a href="/collections/beef/products/harris-farm-beef-yearling-brisket-560669">
          Beef Yearling Brisket 1.4-3.1kg 
        </a>
      </p>
      
      <script>
    var productOfOrigin;
</script>

    
    

    <!-- product of origin first part of the rule -->
    

    
    

    <!-- product of origin first part of the rule -->
    

    
    

    <!-- product of origin first part of the rule -->
    

    
    

    <!-- product of origin first part of the rule -->
    

    
    

    <!-- product of origin first part of the rule -->
    




      <div class="salecontainer">
        <span class="sale">			

          <span class="unit_price"><strong><span class="from_price">$49.57</span> <small>ea</small></strong></span><br>
    		  <span class="compare_at_price unit_price"><small>$15.99 per kg</small></span> 
        </span>
      </div>

    </div>


  </div><!-- .coll-prod-caption -->

  
<div class="ajax-add-to-cart-quick custom-form" style="position:absolute; left:0; right:0; bottom:-10px; justify-content:center;">  
  <select name="quantity" class="addToCartSelect">    
    
    	<option value="1">1</option>
    
    	<option value="2">2</option>
    
    	<option value="3">3</option>
    
    	<option value="4">4</option>
    
    	<option value="5">5</option>
    
    	<option value="6">6</option>
    
    	<option value="7">7</option>
    
    	<option value="8">8</option>
    
    	<option value="9">9</option>
    
    	<option value="10">10</option>
    
    	<option value="11">11</option>
    
    	<option value="12">12</option>
    
    	<option value="13">13</option>
    
    	<option value="14">14</option>
    
    	<option value="15">15</option>
    
    	<option value="16">16</option>
    
    	<option value="17">17</option>
    
    	<option value="18">18</option>
    
    	<option value="19">19</option>
    
    	<option value="20">20</option>
    
  </select>&nbsp; 
  <button class="btn addToCartButton" type="button" name="add" data-id="21030442369083" data-weather="" data-wholesale="" data-cap="1599" data-slider="" data-seafood="" data-juice="" data-mealkit="" data-loosesalad="" data-instorebakery="" data-shortdate="" data-hideinstate="-" style="white-space: nowrap; padding: 10px; height: 35px; width: 75px; letter-spacing: 0;">ADD</button>
</div>

<div class="ajax-update-cart custom-form" style="position:absolute; left:0; right:0; bottom:-10px; justify-content:center; display:none;">
  <a href="javascript:;" class="minusitem"><img src="//cdn.shopify.com/s/files/1/0206/9470/t/232/assets/MinusIcon.jpg?v=8086515874301911391" style="width: 30px; height: 35px;"></a>
  <input type="text" pattern="[0-9.]+" class="ajaxquantity addToCartInput" name="quantity" value="" readonly="" style="display:inline-block">
  <div class="lds-ring"><div></div><div></div><div></div><div></div></div>
  <a href="javascript:;" class="plusitem"><img src="//cdn.shopify.com/s/files/1/0206/9470/t/232/assets/PlusIcon.jpg?v=15674260478820120933" style="width: 30px; height: 35px;"></a>&nbsp; 
  <button class="btn addToCartButton" type="button" name="add" data-id="21030442369083" data-weather="" data-wholesale="" data-cap="1599" data-slider="" data-seafood="" data-juice="" data-mealkit="" data-loosesalad="" data-instorebakery="" data-shortdate="" data-hideinstate="-" style="background: #84D1E8; white-space: nowrap; padding: 10px; height: 35px; letter-spacing: 0;" onclick="window.location='/cart'">IN CART</button>
</div>


</div>

<script>        
  var pickingStore = (!$.cookie("picking_store")) ? 73 : $.cookie("picking_store"); 
  var pickingStoreVariant = "s:"+pickingStore;
  
  for (var i = 0; i < partsOfStr.length; i++){
    var variantArray = partsOfStr[i].split(',');
    var showProduct = false;    
    
    if (variantArray[0].trim() == pickingStoreVariant.trim()){
      showProduct = true;
      productOfOrigin = variantArray[1];
      var special =  variantArray[2]; 
      var additional = variantArray[3];       
      var variantId = variantArray[4];
      var price =  variantArray[5];
      var compareAtPrice = variantArray[6];
      var conversionFactor = $("#product-21030442336315").data("conversion-factor");                               
      var uom = $("#product-21030442336315").data("uom");
      var hideInState = $("#product-21030442336315").data("hideinstate");      
      
      if(additional){                
        $("#product-21030442336315 .additional .sale").html(additional.toUpperCase());
        $("#product-21030442336315 .additional").show();
      }
      
      $("#product-21030442336315 .btn").attr('data-id',variantId);      
      $("#product-21030442336315 .btn").attr('data-cap',compareAtPrice);          
      $("#product-21030442336315 .caption .salecontainer .sale .from_price").html('$' + (variantArray[5]/100).toFixed(2));         
        
      if(special != "Default"){          
        $("#product-21030442336315 .caption .unit_price .from_price").addClass("is-special");            
      }
            
      if (!compareAtPrice){
        if (uom != "" && uom ){ 
          $("#product-21030442336315 .caption .salecontainer .sale .compare_at_price").html('<small>$'+((price*conversionFactor)/100).toFixed(2)+" "+uom+'</small>');
        } 
      }
      else{
        $("#product-21030442336315 .caption .salecontainer .sale .compare_at_price").html('<small>$' + (variantArray[6]/100).toFixed(2) + ' per kg</small>');              
      }
        
      if((parseInt(variantArray[7])<=0) || (hideInState.indexOf(currState) != -1)){
        $("#product-21030442336315 .ajax-add-to-cart-quick").html("<p class='error'>Out of Stock</p>");          
        $("#product-21030442336315 a").css({"pointer-events":"none"});          
        $("#product-21030442336315").remove();
        console.log(variantId + " removed.");            
      }
      else{
        $("#product-21030442336315").addClass("in-stock");
        
        var items = $("#headercartvals").attr("data-items").split(";");

        $.each(items, function(index, item) {
          if (item){ 
            var itemId = item.split("-")[0];
            var itemQty = item.split("-")[1];

            if(variantArray[4] === itemId){
              $("#product-21030442336315").find(".ajax-add-to-cart-quick").hide();
              $("#product-21030442336315").find(".ajax-update-cart .addToCartInput").val(itemQty);
              $("#product-21030442336315").find(".ajax-update-cart").show();
              return;                       
            } 
          }
        });                              
      }      
    }
  }                         
  $(".product-item").not(".in-stock").hide();              
</script>

<script>

    var productId =  null;
    var productObj = null;
    
        productId = "#product-21030442336315";
        productObj = $(productId).find('.product-of-origin');
    

    // product of origin second part of the rule
    if(productOfOrigin == "Default"){
        $(productObj).html("Product of Australia");
    } else if (productOfOrigin == "Packaged in") {
        $(productObj).html("Packed in Australia from Imported Ingredients");
    } else if (productOfOrigin == "Packaged in local") {
        $(productObj).html("Packed in Australia from Imported and Local Ingredients");
    } else if (productOfOrigin == "Made In") {
        $(productObj).html("Made in Australia from Imported Ingredients");
    } else if (productOfOrigin == "Made in local") {
        $(productObj).html("Made in Australia from Imported and Local Ingredients"); 
    } else{
        $(productObj).html("Product of "+ productOfOrigin);
    }

</script> 


        
           








<div class="product-item columns large-2 in-stock" id="product-2117390860297" data-variants="s:1,Australia,,,2117390860297,2799,2799,0;s:73,Australia,,,2165814067209,2799,2799,6;" data-s1="0" data-s73="6" data-sort-tag="" data-shopify-sku="602030" data-uom="per kg" data-conversion-factor="1" data-hideinstate="-">
  <script>
    var variants = addslashes("s:1,Australia,Default,,2117390860297,2799,2799,0;s:73,Australia,Default,,2165814067209,2799,2799,6;"); 
	var partsOfStr = variants.split(';');
  </script>
  
  <div class="collection-image">
    <div class="additional" style="width: 100%; height: auto; position: absolute; left: 0px; top: 0px; background: rgba(183, 183, 183, 0.37); color: white; padding: 4px; display: none">
      <span class="sale" style="font-size: 14px; color: black;"></span></div>
    <a href="/collections/beef/products/cape-grim-beef-flank-steak-602030">
      <img class="lazyOwl" data-src="//cdn.shopify.com/s/files/1/0206/9470/products/602030-done_large.jpg?v=1600656685" src="//cdn.shopify.com/s/files/1/0206/9470/products/602030-done_medium.jpg?v=1600656685" alt="Cape Grim Beef Flank Steak | Harris Farm Online" style="height: 100%; width: 100%">
    </a>
  </div>   
  <!-- .coll-image-wrap -->

  <div class="caption">
    
    <div class="box-title">
      
      <p class="title" style="height: 45px; font-size: 12px;">
        <a href="/collections/beef/products/cape-grim-beef-flank-steak-602030">
          Cape Grim Beef Flank Steaks 600g-1kg 
        </a>
      </p>
      
      <script>
    var productOfOrigin;
</script>

    
    

    <!-- product of origin first part of the rule -->
    

    
    

    <!-- product of origin first part of the rule -->
    

    
    

    <!-- product of origin first part of the rule -->
    

    
    

    <!-- product of origin first part of the rule -->
    

    
    

    <!-- product of origin first part of the rule -->
    

    
    

    <!-- product of origin first part of the rule -->
    

    
    

    <!-- product of origin first part of the rule -->
    

    
    

    <!-- product of origin first part of the rule -->
    

    
    

    <!-- product of origin first part of the rule -->
    




      <div class="salecontainer">
        <span class="sale">			

          <span class="unit_price"><strong><span class="from_price">$27.99</span> <small>ea</small></strong></span><br>
    		  <span class="compare_at_price unit_price"><small>$27.99 per kg</small></span> 
        </span>
      </div>

    </div>


  </div><!-- .coll-prod-caption -->

  
<div class="ajax-add-to-cart-quick custom-form" style="position:absolute; left:0; right:0; bottom:-10px; justify-content:center;">  
  <select name="quantity" class="addToCartSelect">    
    
    	<option value="1">1</option>
    
    	<option value="2">2</option>
    
    	<option value="3">3</option>
    
    	<option value="4">4</option>
    
    	<option value="5">5</option>
    
    	<option value="6">6</option>
    
    	<option value="7">7</option>
    
    	<option value="8">8</option>
    
    	<option value="9">9</option>
    
    	<option value="10">10</option>
    
    	<option value="11">11</option>
    
    	<option value="12">12</option>
    
    	<option value="13">13</option>
    
    	<option value="14">14</option>
    
    	<option value="15">15</option>
    
    	<option value="16">16</option>
    
    	<option value="17">17</option>
    
    	<option value="18">18</option>
    
    	<option value="19">19</option>
    
    	<option value="20">20</option>
    
  </select>&nbsp; 
  <button class="btn addToCartButton" type="button" name="add" data-id="2165814067209" data-weather="" data-wholesale="" data-cap="2799" data-slider="" data-seafood="" data-juice="" data-mealkit="" data-loosesalad="" data-instorebakery="" data-shortdate="" data-hideinstate="-" style="white-space: nowrap; padding: 10px; height: 35px; width: 75px; letter-spacing: 0;">ADD</button>
</div>

<div class="ajax-update-cart custom-form" style="position:absolute; left:0; right:0; bottom:-10px; justify-content:center; display:none;">
  <a href="javascript:;" class="minusitem"><img src="//cdn.shopify.com/s/files/1/0206/9470/t/232/assets/MinusIcon.jpg?v=8086515874301911391" style="width: 30px; height: 35px;"></a>
  <input type="text" pattern="[0-9.]+" class="ajaxquantity addToCartInput" name="quantity" value="" readonly="" style="display:inline-block">
  <div class="lds-ring"><div></div><div></div><div></div><div></div></div>
  <a href="javascript:;" class="plusitem"><img src="//cdn.shopify.com/s/files/1/0206/9470/t/232/assets/PlusIcon.jpg?v=15674260478820120933" style="width: 30px; height: 35px;"></a>&nbsp; 
  <button class="btn addToCartButton" type="button" name="add" data-id="2165814067209" data-weather="" data-wholesale="" data-cap="2799" data-slider="" data-seafood="" data-juice="" data-mealkit="" data-loosesalad="" data-instorebakery="" data-shortdate="" data-hideinstate="-" style="background: #84D1E8; white-space: nowrap; padding: 10px; height: 35px; letter-spacing: 0;" onclick="window.location='/cart'">IN CART</button>
</div>


</div>

<script>        
  var pickingStore = (!$.cookie("picking_store")) ? 73 : $.cookie("picking_store"); 
  var pickingStoreVariant = "s:"+pickingStore;
  
  for (var i = 0; i < partsOfStr.length; i++){
    var variantArray = partsOfStr[i].split(',');
    var showProduct = false;    
    
    if (variantArray[0].trim() == pickingStoreVariant.trim()){
      showProduct = true;
      productOfOrigin = variantArray[1];
      var special =  variantArray[2]; 
      var additional = variantArray[3];       
      var variantId = variantArray[4];
      var price =  variantArray[5];
      var compareAtPrice = variantArray[6];
      var conversionFactor = $("#product-2117390860297").data("conversion-factor");                               
      var uom = $("#product-2117390860297").data("uom");
      var hideInState = $("#product-2117390860297").data("hideinstate");      
      
      if(additional){                
        $("#product-2117390860297 .additional .sale").html(additional.toUpperCase());
        $("#product-2117390860297 .additional").show();
      }
      
      $("#product-2117390860297 .btn").attr('data-id',variantId);      
      $("#product-2117390860297 .btn").attr('data-cap',compareAtPrice);          
      $("#product-2117390860297 .caption .salecontainer .sale .from_price").html('$' + (variantArray[5]/100).toFixed(2));         
        
      if(special != "Default"){          
        $("#product-2117390860297 .caption .unit_price .from_price").addClass("is-special");            
      }
            
      if (!compareAtPrice){
        if (uom != "" && uom ){ 
          $("#product-2117390860297 .caption .salecontainer .sale .compare_at_price").html('<small>$'+((price*conversionFactor)/100).toFixed(2)+" "+uom+'</small>');
        } 
      }
      else{
        $("#product-2117390860297 .caption .salecontainer .sale .compare_at_price").html('<small>$' + (variantArray[6]/100).toFixed(2) + ' per kg</small>');              
      }
        
      if((parseInt(variantArray[7])<=0) || (hideInState.indexOf(currState) != -1)){
        $("#product-2117390860297 .ajax-add-to-cart-quick").html("<p class='error'>Out of Stock</p>");          
        $("#product-2117390860297 a").css({"pointer-events":"none"});          
        $("#product-2117390860297").remove();
        console.log(variantId + " removed.");            
      }
      else{
        $("#product-2117390860297").addClass("in-stock");
        
        var items = $("#headercartvals").attr("data-items").split(";");

        $.each(items, function(index, item) {
          if (item){ 
            var itemId = item.split("-")[0];
            var itemQty = item.split("-")[1];

            if(variantArray[4] === itemId){
              $("#product-2117390860297").find(".ajax-add-to-cart-quick").hide();
              $("#product-2117390860297").find(".ajax-update-cart .addToCartInput").val(itemQty);
              $("#product-2117390860297").find(".ajax-update-cart").show();
              return;                       
            } 
          }
        });                              
      }      
    }
  }                         
  $(".product-item").not(".in-stock").hide();              
</script>

<script>

    var productId =  null;
    var productObj = null;
    
        productId = "#product-2117390860297";
        productObj = $(productId).find('.product-of-origin');
    

    // product of origin second part of the rule
    if(productOfOrigin == "Default"){
        $(productObj).html("Product of Australia");
    } else if (productOfOrigin == "Packaged in") {
        $(productObj).html("Packed in Australia from Imported Ingredients");
    } else if (productOfOrigin == "Packaged in local") {
        $(productObj).html("Packed in Australia from Imported and Local Ingredients");
    } else if (productOfOrigin == "Made In") {
        $(productObj).html("Made in Australia from Imported Ingredients");
    } else if (productOfOrigin == "Made in local") {
        $(productObj).html("Made in Australia from Imported and Local Ingredients"); 
    } else{
        $(productObj).html("Product of "+ productOfOrigin);
    }

</script> 


        
           








<div class="product-item columns large-2 in-stock" id="product-21178835796027" data-variants="s:1,,,,21178835796027,1380,4599,0;s:73,Australia,,,21178835828795,1380,4599,20;" data-s1="0" data-s73="20" data-sort-tag="" data-shopify-sku="602520" data-uom="per kg" data-conversion-factor="4" data-hideinstate="-">
  <script>
    var variants = addslashes("s:1,Default,Default,,21178835796027,1380,4599,0;s:73,Australia,Default,,21178835828795,1380,4599,20;"); 
	var partsOfStr = variants.split(';');
  </script>
  
  <div class="collection-image">
    <div class="additional" style="width: 100%; height: auto; position: absolute; left: 0px; top: 0px; background: rgba(183, 183, 183, 0.37); color: white; padding: 4px; display: none">
      <span class="sale" style="font-size: 14px; color: black;"></span></div>
    <a href="/collections/beef/products/cleavers-beef-porterhouse-steak-organic-602520">
      <img class="lazyOwl" data-src="//cdn.shopify.com/s/files/1/0206/9470/products/602520-done_large.jpg?v=1594789259" src="//cdn.shopify.com/s/files/1/0206/9470/products/602520-done_medium.jpg?v=1594789259" alt="Cleavers - Organic Beef Porterhouse Steak | Harris Farm Online" style="height: 100%; width: 100%">
    </a>
  </div>   
  <!-- .coll-image-wrap -->

  <div class="caption">
    
    <div class="box-title">
      
      <p class="title" style="height: 45px; font-size: 12px;">
        <a href="/collections/beef/products/cleavers-beef-porterhouse-steak-organic-602520">
          Cleaver's Beef Organic Porterhouse Steak 150-300g 
        </a>
      </p>
      
      <script>
    var productOfOrigin;
</script>

    
    

    <!-- product of origin first part of the rule -->
    

    
    

    <!-- product of origin first part of the rule -->
    

    
    

    <!-- product of origin first part of the rule -->
    

    
    

    <!-- product of origin first part of the rule -->
    

    
    

    <!-- product of origin first part of the rule -->
    

    
    

    <!-- product of origin first part of the rule -->
    

    
    

    <!-- product of origin first part of the rule -->
    

    
    

    <!-- product of origin first part of the rule -->
    

    
    

    <!-- product of origin first part of the rule -->
    

    
    

    <!-- product of origin first part of the rule -->
    

    
    

    <!-- product of origin first part of the rule -->
    




      <div class="salecontainer">
        <span class="sale">			

          <span class="unit_price"><strong><span class="from_price">$13.80</span> <small>ea</small></strong></span><br>
    		  <span class="compare_at_price unit_price"><small>$45.99 per kg</small></span> 
        </span>
      </div>

    </div>


  </div><!-- .coll-prod-caption -->

  
<div class="ajax-add-to-cart-quick custom-form" style="position:absolute; left:0; right:0; bottom:-10px; justify-content:center;">  
  <select name="quantity" class="addToCartSelect">    
    
    	<option value="1">1</option>
    
    	<option value="2">2</option>
    
    	<option value="3">3</option>
    
    	<option value="4">4</option>
    
    	<option value="5">5</option>
    
    	<option value="6">6</option>
    
    	<option value="7">7</option>
    
    	<option value="8">8</option>
    
    	<option value="9">9</option>
    
    	<option value="10">10</option>
    
    	<option value="11">11</option>
    
    	<option value="12">12</option>
    
    	<option value="13">13</option>
    
    	<option value="14">14</option>
    
    	<option value="15">15</option>
    
    	<option value="16">16</option>
    
    	<option value="17">17</option>
    
    	<option value="18">18</option>
    
    	<option value="19">19</option>
    
    	<option value="20">20</option>
    
  </select>&nbsp; 
  <button class="btn addToCartButton" type="button" name="add" data-id="21178835828795" data-weather="" data-wholesale="" data-cap="4599" data-slider="" data-seafood="" data-juice="" data-mealkit="" data-loosesalad="" data-instorebakery="" data-shortdate="" data-hideinstate="-" style="white-space: nowrap; padding: 10px; height: 35px; width: 75px; letter-spacing: 0;">ADD</button>
</div>

<div class="ajax-update-cart custom-form" style="position:absolute; left:0; right:0; bottom:-10px; justify-content:center; display:none;">
  <a href="javascript:;" class="minusitem"><img src="//cdn.shopify.com/s/files/1/0206/9470/t/232/assets/MinusIcon.jpg?v=8086515874301911391" style="width: 30px; height: 35px;"></a>
  <input type="text" pattern="[0-9.]+" class="ajaxquantity addToCartInput" name="quantity" value="" readonly="" style="display:inline-block">
  <div class="lds-ring"><div></div><div></div><div></div><div></div></div>
  <a href="javascript:;" class="plusitem"><img src="//cdn.shopify.com/s/files/1/0206/9470/t/232/assets/PlusIcon.jpg?v=15674260478820120933" style="width: 30px; height: 35px;"></a>&nbsp; 
  <button class="btn addToCartButton" type="button" name="add" data-id="21178835828795" data-weather="" data-wholesale="" data-cap="4599" data-slider="" data-seafood="" data-juice="" data-mealkit="" data-loosesalad="" data-instorebakery="" data-shortdate="" data-hideinstate="-" style="background: #84D1E8; white-space: nowrap; padding: 10px; height: 35px; letter-spacing: 0;" onclick="window.location='/cart'">IN CART</button>
</div>


</div>

<script>        
  var pickingStore = (!$.cookie("picking_store")) ? 73 : $.cookie("picking_store"); 
  var pickingStoreVariant = "s:"+pickingStore;
  
  for (var i = 0; i < partsOfStr.length; i++){
    var variantArray = partsOfStr[i].split(',');
    var showProduct = false;    
    
    if (variantArray[0].trim() == pickingStoreVariant.trim()){
      showProduct = true;
      productOfOrigin = variantArray[1];
      var special =  variantArray[2]; 
      var additional = variantArray[3];       
      var variantId = variantArray[4];
      var price =  variantArray[5];
      var compareAtPrice = variantArray[6];
      var conversionFactor = $("#product-21178835796027").data("conversion-factor");                               
      var uom = $("#product-21178835796027").data("uom");
      var hideInState = $("#product-21178835796027").data("hideinstate");      
      
      if(additional){                
        $("#product-21178835796027 .additional .sale").html(additional.toUpperCase());
        $("#product-21178835796027 .additional").show();
      }
      
      $("#product-21178835796027 .btn").attr('data-id',variantId);      
      $("#product-21178835796027 .btn").attr('data-cap',compareAtPrice);          
      $("#product-21178835796027 .caption .salecontainer .sale .from_price").html('$' + (variantArray[5]/100).toFixed(2));         
        
      if(special != "Default"){          
        $("#product-21178835796027 .caption .unit_price .from_price").addClass("is-special");            
      }
            
      if (!compareAtPrice){
        if (uom != "" && uom ){ 
          $("#product-21178835796027 .caption .salecontainer .sale .compare_at_price").html('<small>$'+((price*conversionFactor)/100).toFixed(2)+" "+uom+'</small>');
        } 
      }
      else{
        $("#product-21178835796027 .caption .salecontainer .sale .compare_at_price").html('<small>$' + (variantArray[6]/100).toFixed(2) + ' per kg</small>');              
      }
        
      if((parseInt(variantArray[7])<=0) || (hideInState.indexOf(currState) != -1)){
        $("#product-21178835796027 .ajax-add-to-cart-quick").html("<p class='error'>Out of Stock</p>");          
        $("#product-21178835796027 a").css({"pointer-events":"none"});          
        $("#product-21178835796027").remove();
        console.log(variantId + " removed.");            
      }
      else{
        $("#product-21178835796027").addClass("in-stock");
        
        var items = $("#headercartvals").attr("data-items").split(";");

        $.each(items, function(index, item) {
          if (item){ 
            var itemId = item.split("-")[0];
            var itemQty = item.split("-")[1];

            if(variantArray[4] === itemId){
              $("#product-21178835796027").find(".ajax-add-to-cart-quick").hide();
              $("#product-21178835796027").find(".ajax-update-cart .addToCartInput").val(itemQty);
              $("#product-21178835796027").find(".ajax-update-cart").show();
              return;                       
            } 
          }
        });                              
      }      
    }
  }                         
  $(".product-item").not(".in-stock").hide();              
</script>

<script>

    var productId =  null;
    var productObj = null;
    
        productId = "#product-21178835796027";
        productObj = $(productId).find('.product-of-origin');
    

    // product of origin second part of the rule
    if(productOfOrigin == "Default"){
        $(productObj).html("Product of Australia");
    } else if (productOfOrigin == "Packaged in") {
        $(productObj).html("Packed in Australia from Imported Ingredients");
    } else if (productOfOrigin == "Packaged in local") {
        $(productObj).html("Packed in Australia from Imported and Local Ingredients");
    } else if (productOfOrigin == "Made In") {
        $(productObj).html("Made in Australia from Imported Ingredients");
    } else if (productOfOrigin == "Made in local") {
        $(productObj).html("Made in Australia from Imported and Local Ingredients"); 
    } else{
        $(productObj).html("Product of "+ productOfOrigin);
    }

</script> 


        
           








<div class="product-item columns large-2 in-stock" id="product-21178808500283" data-variants="s:1,Australia,,,21178808500283,1699,,0;s:73,Australia,,,21178808565819,1699,,17;" data-s1="0" data-s73="17" data-sort-tag="" data-shopify-sku="602518" data-uom="per kg" data-conversion-factor="2" data-hideinstate="-">
  <script>
    var variants = addslashes("s:1,Australia,Default,,21178808500283,1699,,0;s:73,Australia,Default,,21178808565819,1699,,17;"); 
	var partsOfStr = variants.split(';');
  </script>
  
  <div class="collection-image">
    <div class="additional" style="width: 100%; height: auto; position: absolute; left: 0px; top: 0px; background: rgba(183, 183, 183, 0.37); color: white; padding: 4px; display: none">
      <span class="sale" style="font-size: 14px; color: black;"></span></div>
    <a href="/collections/beef/products/cleavers-beef-extra-lean-mince-organic">
      <img class="lazyOwl" data-src="//cdn.shopify.com/s/files/1/0206/9470/products/602518-done_large.jpg?v=1562035994" src="//cdn.shopify.com/s/files/1/0206/9470/products/602518-done_medium.jpg?v=1562035994" alt="Cleaver's Extra Lean Organic Beef Mince 500g - SHORTDATE" style="height: 100%; width: 100%">
    </a>
  </div>   
  <!-- .coll-image-wrap -->

  <div class="caption">
    
    <div class="box-title">
      
      <p class="title" style="height: 45px; font-size: 12px;">
        <a href="/collections/beef/products/cleavers-beef-extra-lean-mince-organic">
          Cleaver's Extra Lean Organic Beef Mince 500g - SHORTDATE 
        </a>
      </p>
      
      <script>
    var productOfOrigin;
</script>

    
    

    <!-- product of origin first part of the rule -->
    

    
    

    <!-- product of origin first part of the rule -->
    

    
    

    <!-- product of origin first part of the rule -->
    

    
    

    <!-- product of origin first part of the rule -->
    

    
    

    <!-- product of origin first part of the rule -->
    

    
    

    <!-- product of origin first part of the rule -->
    

    
    

    <!-- product of origin first part of the rule -->
    

    
    

    <!-- product of origin first part of the rule -->
    

    
    

    <!-- product of origin first part of the rule -->
    

    
    

    <!-- product of origin first part of the rule -->
    

    
    

    <!-- product of origin first part of the rule -->
    




      <div class="salecontainer">
        <span class="sale">			

          <span class="unit_price"><strong><span class="from_price">$16.99</span> <small>ea</small></strong></span><br>
    		  <span class="compare_at_price unit_price"><small>$33.98 per kg</small></span> 
        </span>
      </div>

    </div>


  </div><!-- .coll-prod-caption -->

  
<div class="ajax-add-to-cart-quick custom-form" style="position:absolute; left:0; right:0; bottom:-10px; justify-content:center;">  
  <select name="quantity" class="addToCartSelect">    
    
    	<option value="1">1</option>
    
    	<option value="2">2</option>
    
    	<option value="3">3</option>
    
    	<option value="4">4</option>
    
    	<option value="5">5</option>
    
    	<option value="6">6</option>
    
    	<option value="7">7</option>
    
    	<option value="8">8</option>
    
    	<option value="9">9</option>
    
    	<option value="10">10</option>
    
    	<option value="11">11</option>
    
    	<option value="12">12</option>
    
    	<option value="13">13</option>
    
    	<option value="14">14</option>
    
    	<option value="15">15</option>
    
    	<option value="16">16</option>
    
    	<option value="17">17</option>
    
    	<option value="18">18</option>
    
    	<option value="19">19</option>
    
    	<option value="20">20</option>
    
  </select>&nbsp; 
  <button class="btn addToCartButton" type="button" name="add" data-id="21178808565819" data-weather="" data-wholesale="" data-cap="" data-slider="" data-seafood="" data-juice="" data-mealkit="" data-loosesalad="" data-instorebakery="" data-shortdate="" data-hideinstate="-" style="white-space: nowrap; padding: 10px; height: 35px; width: 75px; letter-spacing: 0;">ADD</button>
</div>

<div class="ajax-update-cart custom-form" style="position:absolute; left:0; right:0; bottom:-10px; justify-content:center; display:none;">
  <a href="javascript:;" class="minusitem"><img src="//cdn.shopify.com/s/files/1/0206/9470/t/232/assets/MinusIcon.jpg?v=8086515874301911391" style="width: 30px; height: 35px;"></a>
  <input type="text" pattern="[0-9.]+" class="ajaxquantity addToCartInput" name="quantity" value="" readonly="" style="display:inline-block">
  <div class="lds-ring"><div></div><div></div><div></div><div></div></div>
  <a href="javascript:;" class="plusitem"><img src="//cdn.shopify.com/s/files/1/0206/9470/t/232/assets/PlusIcon.jpg?v=15674260478820120933" style="width: 30px; height: 35px;"></a>&nbsp; 
  <button class="btn addToCartButton" type="button" name="add" data-id="21178808565819" data-weather="" data-wholesale="" data-cap="" data-slider="" data-seafood="" data-juice="" data-mealkit="" data-loosesalad="" data-instorebakery="" data-shortdate="" data-hideinstate="-" style="background: #84D1E8; white-space: nowrap; padding: 10px; height: 35px; letter-spacing: 0;" onclick="window.location='/cart'">IN CART</button>
</div>


</div>

<script>        
  var pickingStore = (!$.cookie("picking_store")) ? 73 : $.cookie("picking_store"); 
  var pickingStoreVariant = "s:"+pickingStore;
  
  for (var i = 0; i < partsOfStr.length; i++){
    var variantArray = partsOfStr[i].split(',');
    var showProduct = false;    
    
    if (variantArray[0].trim() == pickingStoreVariant.trim()){
      showProduct = true;
      productOfOrigin = variantArray[1];
      var special =  variantArray[2]; 
      var additional = variantArray[3];       
      var variantId = variantArray[4];
      var price =  variantArray[5];
      var compareAtPrice = variantArray[6];
      var conversionFactor = $("#product-21178808500283").data("conversion-factor");                               
      var uom = $("#product-21178808500283").data("uom");
      var hideInState = $("#product-21178808500283").data("hideinstate");      
      
      if(additional){                
        $("#product-21178808500283 .additional .sale").html(additional.toUpperCase());
        $("#product-21178808500283 .additional").show();
      }
      
      $("#product-21178808500283 .btn").attr('data-id',variantId);      
      $("#product-21178808500283 .btn").attr('data-cap',compareAtPrice);          
      $("#product-21178808500283 .caption .salecontainer .sale .from_price").html('$' + (variantArray[5]/100).toFixed(2));         
        
      if(special != "Default"){          
        $("#product-21178808500283 .caption .unit_price .from_price").addClass("is-special");            
      }
            
      if (!compareAtPrice){
        if (uom != "" && uom ){ 
          $("#product-21178808500283 .caption .salecontainer .sale .compare_at_price").html('<small>$'+((price*conversionFactor)/100).toFixed(2)+" "+uom+'</small>');
        } 
      }
      else{
        $("#product-21178808500283 .caption .salecontainer .sale .compare_at_price").html('<small>$' + (variantArray[6]/100).toFixed(2) + ' per kg</small>');              
      }
        
      if((parseInt(variantArray[7])<=0) || (hideInState.indexOf(currState) != -1)){
        $("#product-21178808500283 .ajax-add-to-cart-quick").html("<p class='error'>Out of Stock</p>");          
        $("#product-21178808500283 a").css({"pointer-events":"none"});          
        $("#product-21178808500283").remove();
        console.log(variantId + " removed.");            
      }
      else{
        $("#product-21178808500283").addClass("in-stock");
        
        var items = $("#headercartvals").attr("data-items").split(";");

        $.each(items, function(index, item) {
          if (item){ 
            var itemId = item.split("-")[0];
            var itemQty = item.split("-")[1];

            if(variantArray[4] === itemId){
              $("#product-21178808500283").find(".ajax-add-to-cart-quick").hide();
              $("#product-21178808500283").find(".ajax-update-cart .addToCartInput").val(itemQty);
              $("#product-21178808500283").find(".ajax-update-cart").show();
              return;                       
            } 
          }
        });                              
      }      
    }
  }                         
  $(".product-item").not(".in-stock").hide();              
</script>

<script>

    var productId =  null;
    var productObj = null;
    
        productId = "#product-21178808500283";
        productObj = $(productId).find('.product-of-origin');
    

    // product of origin second part of the rule
    if(productOfOrigin == "Default"){
        $(productObj).html("Product of Australia");
    } else if (productOfOrigin == "Packaged in") {
        $(productObj).html("Packed in Australia from Imported Ingredients");
    } else if (productOfOrigin == "Packaged in local") {
        $(productObj).html("Packed in Australia from Imported and Local Ingredients");
    } else if (productOfOrigin == "Made In") {
        $(productObj).html("Made in Australia from Imported Ingredients");
    } else if (productOfOrigin == "Made in local") {
        $(productObj).html("Made in Australia from Imported and Local Ingredients"); 
    } else{
        $(productObj).html("Product of "+ productOfOrigin);
    }

</script> 


        
           








<div class="product-item columns large-2 in-stock" id="product-2437627084809" data-variants="s:1,,,,2437627084809,1049,,0;s:73,Australia,,,2437627117577,1049,,5;" data-s1="0" data-s73="5" data-sort-tag="" data-shopify-sku="602503" data-uom="per kg" data-conversion-factor="2.22222222222222222" data-hideinstate="-">
  <script>
    var variants = addslashes("s:1,Default,Default,,2437627084809,1049,,0;s:73,Australia,Default,,2437627117577,1049,,5;"); 
	var partsOfStr = variants.split(';');
  </script>
  
  <div class="collection-image">
    <div class="additional" style="width: 100%; height: auto; position: absolute; left: 0px; top: 0px; background: rgba(183, 183, 183, 0.37); color: white; padding: 4px; display: none">
      <span class="sale" style="font-size: 14px; color: black;"></span></div>
    <a href="/collections/beef/products/beef-paleo-honey-chipolatas-organic-cleavers-602503">
      <img class="lazyOwl" data-src="//cdn.shopify.com/s/files/1/0206/9470/products/602503-done_large.jpg?v=1528416932" src="//cdn.shopify.com/s/files/1/0206/9470/products/602503-done_medium.jpg?v=1528416932" alt="Cleaver's Organic and Paleo Beef Honey Chipolatas 450g" style="height: 100%; width: 100%">
    </a>
  </div>   
  <!-- .coll-image-wrap -->

  <div class="caption">
    
    <div class="box-title">
      
      <p class="title" style="height: 45px; font-size: 12px;">
        <a href="/collections/beef/products/beef-paleo-honey-chipolatas-organic-cleavers-602503">
          Cleaver's Organic and Paleo Beef Honey Chipolatas 450g 
        </a>
      </p>
      
      <script>
    var productOfOrigin;
</script>

    
    

    <!-- product of origin first part of the rule -->
    

    
    

    <!-- product of origin first part of the rule -->
    

    
    

    <!-- product of origin first part of the rule -->
    

    
    

    <!-- product of origin first part of the rule -->
    

    
    

    <!-- product of origin first part of the rule -->
    

    
    

    <!-- product of origin first part of the rule -->
    

    
    

    <!-- product of origin first part of the rule -->
    

    
    

    <!-- product of origin first part of the rule -->
    

    
    

    <!-- product of origin first part of the rule -->
    

    
    

    <!-- product of origin first part of the rule -->
    

    
    

    <!-- product of origin first part of the rule -->
    

    
    

    <!-- product of origin first part of the rule -->
    




      <div class="salecontainer">
        <span class="sale">			

          <span class="unit_price"><strong><span class="from_price">$10.49</span> <small>ea</small></strong></span><br>
    		  <span class="compare_at_price unit_price"><small>$23.31 per kg</small></span> 
        </span>
      </div>

    </div>


  </div><!-- .coll-prod-caption -->

  
<div class="ajax-add-to-cart-quick custom-form" style="position:absolute; left:0; right:0; bottom:-10px; justify-content:center;">  
  <select name="quantity" class="addToCartSelect">    
    
    	<option value="1">1</option>
    
    	<option value="2">2</option>
    
    	<option value="3">3</option>
    
    	<option value="4">4</option>
    
    	<option value="5">5</option>
    
    	<option value="6">6</option>
    
    	<option value="7">7</option>
    
    	<option value="8">8</option>
    
    	<option value="9">9</option>
    
    	<option value="10">10</option>
    
    	<option value="11">11</option>
    
    	<option value="12">12</option>
    
    	<option value="13">13</option>
    
    	<option value="14">14</option>
    
    	<option value="15">15</option>
    
    	<option value="16">16</option>
    
    	<option value="17">17</option>
    
    	<option value="18">18</option>
    
    	<option value="19">19</option>
    
    	<option value="20">20</option>
    
  </select>&nbsp; 
  <button class="btn addToCartButton" type="button" name="add" data-id="2437627117577" data-weather="" data-wholesale="" data-cap="" data-slider="" data-seafood="" data-juice="" data-mealkit="" data-loosesalad="" data-instorebakery="" data-shortdate="" data-hideinstate="-" style="white-space: nowrap; padding: 10px; height: 35px; width: 75px; letter-spacing: 0;">ADD</button>
</div>

<div class="ajax-update-cart custom-form" style="position:absolute; left:0; right:0; bottom:-10px; justify-content:center; display:none;">
  <a href="javascript:;" class="minusitem"><img src="//cdn.shopify.com/s/files/1/0206/9470/t/232/assets/MinusIcon.jpg?v=8086515874301911391" style="width: 30px; height: 35px;"></a>
  <input type="text" pattern="[0-9.]+" class="ajaxquantity addToCartInput" name="quantity" value="" readonly="" style="display:inline-block">
  <div class="lds-ring"><div></div><div></div><div></div><div></div></div>
  <a href="javascript:;" class="plusitem"><img src="//cdn.shopify.com/s/files/1/0206/9470/t/232/assets/PlusIcon.jpg?v=15674260478820120933" style="width: 30px; height: 35px;"></a>&nbsp; 
  <button class="btn addToCartButton" type="button" name="add" data-id="2437627117577" data-weather="" data-wholesale="" data-cap="" data-slider="" data-seafood="" data-juice="" data-mealkit="" data-loosesalad="" data-instorebakery="" data-shortdate="" data-hideinstate="-" style="background: #84D1E8; white-space: nowrap; padding: 10px; height: 35px; letter-spacing: 0;" onclick="window.location='/cart'">IN CART</button>
</div>


</div>

<script>        
  var pickingStore = (!$.cookie("picking_store")) ? 73 : $.cookie("picking_store"); 
  var pickingStoreVariant = "s:"+pickingStore;
  
  for (var i = 0; i < partsOfStr.length; i++){
    var variantArray = partsOfStr[i].split(',');
    var showProduct = false;    
    
    if (variantArray[0].trim() == pickingStoreVariant.trim()){
      showProduct = true;
      productOfOrigin = variantArray[1];
      var special =  variantArray[2]; 
      var additional = variantArray[3];       
      var variantId = variantArray[4];
      var price =  variantArray[5];
      var compareAtPrice = variantArray[6];
      var conversionFactor = $("#product-2437627084809").data("conversion-factor");                               
      var uom = $("#product-2437627084809").data("uom");
      var hideInState = $("#product-2437627084809").data("hideinstate");      
      
      if(additional){                
        $("#product-2437627084809 .additional .sale").html(additional.toUpperCase());
        $("#product-2437627084809 .additional").show();
      }
      
      $("#product-2437627084809 .btn").attr('data-id',variantId);      
      $("#product-2437627084809 .btn").attr('data-cap',compareAtPrice);          
      $("#product-2437627084809 .caption .salecontainer .sale .from_price").html('$' + (variantArray[5]/100).toFixed(2));         
        
      if(special != "Default"){          
        $("#product-2437627084809 .caption .unit_price .from_price").addClass("is-special");            
      }
            
      if (!compareAtPrice){
        if (uom != "" && uom ){ 
          $("#product-2437627084809 .caption .salecontainer .sale .compare_at_price").html('<small>$'+((price*conversionFactor)/100).toFixed(2)+" "+uom+'</small>');
        } 
      }
      else{
        $("#product-2437627084809 .caption .salecontainer .sale .compare_at_price").html('<small>$' + (variantArray[6]/100).toFixed(2) + ' per kg</small>');              
      }
        
      if((parseInt(variantArray[7])<=0) || (hideInState.indexOf(currState) != -1)){
        $("#product-2437627084809 .ajax-add-to-cart-quick").html("<p class='error'>Out of Stock</p>");          
        $("#product-2437627084809 a").css({"pointer-events":"none"});          
        $("#product-2437627084809").remove();
        console.log(variantId + " removed.");            
      }
      else{
        $("#product-2437627084809").addClass("in-stock");
        
        var items = $("#headercartvals").attr("data-items").split(";");

        $.each(items, function(index, item) {
          if (item){ 
            var itemId = item.split("-")[0];
            var itemQty = item.split("-")[1];

            if(variantArray[4] === itemId){
              $("#product-2437627084809").find(".ajax-add-to-cart-quick").hide();
              $("#product-2437627084809").find(".ajax-update-cart .addToCartInput").val(itemQty);
              $("#product-2437627084809").find(".ajax-update-cart").show();
              return;                       
            } 
          }
        });                              
      }      
    }
  }                         
  $(".product-item").not(".in-stock").hide();              
</script>

<script>

    var productId =  null;
    var productObj = null;
    
        productId = "#product-2437627084809";
        productObj = $(productId).find('.product-of-origin');
    

    // product of origin second part of the rule
    if(productOfOrigin == "Default"){
        $(productObj).html("Product of Australia");
    } else if (productOfOrigin == "Packaged in") {
        $(productObj).html("Packed in Australia from Imported Ingredients");
    } else if (productOfOrigin == "Packaged in local") {
        $(productObj).html("Packed in Australia from Imported and Local Ingredients");
    } else if (productOfOrigin == "Made In") {
        $(productObj).html("Made in Australia from Imported Ingredients");
    } else if (productOfOrigin == "Made in local") {
        $(productObj).html("Made in Australia from Imported and Local Ingredients"); 
    } else{
        $(productObj).html("Product of "+ productOfOrigin);
    }

</script> 


        
           








<div class="product-item columns large-2 in-stock" id="product-21178834845755" data-variants="s:1,,,,21178834845755,2450,6999,0;s:73,Australia,,,21178834878523,2450,6999,10;" data-s1="0" data-s73="10" data-sort-tag="" data-shopify-sku="602519" data-uom="per kg" data-conversion-factor="3.33333333333333333" data-hideinstate="-">
  <script>
    var variants = addslashes("s:1,Default,Default,,21178834845755,2450,6999,0;s:73,Australia,Default,,21178834878523,2450,6999,10;"); 
	var partsOfStr = variants.split(';');
  </script>
  
  <div class="collection-image">
    <div class="additional" style="width: 100%; height: auto; position: absolute; left: 0px; top: 0px; background: rgba(183, 183, 183, 0.37); color: white; padding: 4px; display: none">
      <span class="sale" style="font-size: 14px; color: black;"></span></div>
    <a href="/collections/beef/products/cleavers-beef-eye-fillets-organic">
      <img class="lazyOwl" data-src="//cdn.shopify.com/s/files/1/0206/9470/products/602519-done_large.jpg?v=1562279987" src="//cdn.shopify.com/s/files/1/0206/9470/products/602519-done_medium.jpg?v=1562279987" alt="Cleaver's Organic Beef Eye Fillets 200-350g" style="height: 100%; width: 100%">
    </a>
  </div>   
  <!-- .coll-image-wrap -->

  <div class="caption">
    
    <div class="box-title">
      
      <p class="title" style="height: 45px; font-size: 12px;">
        <a href="/collections/beef/products/cleavers-beef-eye-fillets-organic">
          Cleaver's Organic Beef Eye Fillets 200-350g 
        </a>
      </p>
      
      <script>
    var productOfOrigin;
</script>

    
    

    <!-- product of origin first part of the rule -->
    

    
    

    <!-- product of origin first part of the rule -->
    

    
    

    <!-- product of origin first part of the rule -->
    

    
    

    <!-- product of origin first part of the rule -->
    

    
    

    <!-- product of origin first part of the rule -->
    

    
    

    <!-- product of origin first part of the rule -->
    

    
    

    <!-- product of origin first part of the rule -->
    

    
    

    <!-- product of origin first part of the rule -->
    

    
    

    <!-- product of origin first part of the rule -->
    

    
    

    <!-- product of origin first part of the rule -->
    

    
    

    <!-- product of origin first part of the rule -->
    




      <div class="salecontainer">
        <span class="sale">			

          <span class="unit_price"><strong><span class="from_price">$24.50</span> <small>ea</small></strong></span><br>
    		  <span class="compare_at_price unit_price"><small>$69.99 per kg</small></span> 
        </span>
      </div>

    </div>


  </div><!-- .coll-prod-caption -->

  
<div class="ajax-add-to-cart-quick custom-form" style="position:absolute; left:0; right:0; bottom:-10px; justify-content:center;">  
  <select name="quantity" class="addToCartSelect">    
    
    	<option value="1">1</option>
    
    	<option value="2">2</option>
    
    	<option value="3">3</option>
    
    	<option value="4">4</option>
    
    	<option value="5">5</option>
    
    	<option value="6">6</option>
    
    	<option value="7">7</option>
    
    	<option value="8">8</option>
    
    	<option value="9">9</option>
    
    	<option value="10">10</option>
    
    	<option value="11">11</option>
    
    	<option value="12">12</option>
    
    	<option value="13">13</option>
    
    	<option value="14">14</option>
    
    	<option value="15">15</option>
    
    	<option value="16">16</option>
    
    	<option value="17">17</option>
    
    	<option value="18">18</option>
    
    	<option value="19">19</option>
    
    	<option value="20">20</option>
    
  </select>&nbsp; 
  <button class="btn addToCartButton" type="button" name="add" data-id="21178834878523" data-weather="" data-wholesale="" data-cap="6999" data-slider="" data-seafood="" data-juice="" data-mealkit="" data-loosesalad="" data-instorebakery="" data-shortdate="" data-hideinstate="-" style="white-space: nowrap; padding: 10px; height: 35px; width: 75px; letter-spacing: 0;">ADD</button>
</div>

<div class="ajax-update-cart custom-form" style="position:absolute; left:0; right:0; bottom:-10px; justify-content:center; display:none;">
  <a href="javascript:;" class="minusitem"><img src="//cdn.shopify.com/s/files/1/0206/9470/t/232/assets/MinusIcon.jpg?v=8086515874301911391" style="width: 30px; height: 35px;"></a>
  <input type="text" pattern="[0-9.]+" class="ajaxquantity addToCartInput" name="quantity" value="" readonly="" style="display:inline-block">
  <div class="lds-ring"><div></div><div></div><div></div><div></div></div>
  <a href="javascript:;" class="plusitem"><img src="//cdn.shopify.com/s/files/1/0206/9470/t/232/assets/PlusIcon.jpg?v=15674260478820120933" style="width: 30px; height: 35px;"></a>&nbsp; 
  <button class="btn addToCartButton" type="button" name="add" data-id="21178834878523" data-weather="" data-wholesale="" data-cap="6999" data-slider="" data-seafood="" data-juice="" data-mealkit="" data-loosesalad="" data-instorebakery="" data-shortdate="" data-hideinstate="-" style="background: #84D1E8; white-space: nowrap; padding: 10px; height: 35px; letter-spacing: 0;" onclick="window.location='/cart'">IN CART</button>
</div>


</div>

<script>        
  var pickingStore = (!$.cookie("picking_store")) ? 73 : $.cookie("picking_store"); 
  var pickingStoreVariant = "s:"+pickingStore;
  
  for (var i = 0; i < partsOfStr.length; i++){
    var variantArray = partsOfStr[i].split(',');
    var showProduct = false;    
    
    if (variantArray[0].trim() == pickingStoreVariant.trim()){
      showProduct = true;
      productOfOrigin = variantArray[1];
      var special =  variantArray[2]; 
      var additional = variantArray[3];       
      var variantId = variantArray[4];
      var price =  variantArray[5];
      var compareAtPrice = variantArray[6];
      var conversionFactor = $("#product-21178834845755").data("conversion-factor");                               
      var uom = $("#product-21178834845755").data("uom");
      var hideInState = $("#product-21178834845755").data("hideinstate");      
      
      if(additional){                
        $("#product-21178834845755 .additional .sale").html(additional.toUpperCase());
        $("#product-21178834845755 .additional").show();
      }
      
      $("#product-21178834845755 .btn").attr('data-id',variantId);      
      $("#product-21178834845755 .btn").attr('data-cap',compareAtPrice);          
      $("#product-21178834845755 .caption .salecontainer .sale .from_price").html('$' + (variantArray[5]/100).toFixed(2));         
        
      if(special != "Default"){          
        $("#product-21178834845755 .caption .unit_price .from_price").addClass("is-special");            
      }
            
      if (!compareAtPrice){
        if (uom != "" && uom ){ 
          $("#product-21178834845755 .caption .salecontainer .sale .compare_at_price").html('<small>$'+((price*conversionFactor)/100).toFixed(2)+" "+uom+'</small>');
        } 
      }
      else{
        $("#product-21178834845755 .caption .salecontainer .sale .compare_at_price").html('<small>$' + (variantArray[6]/100).toFixed(2) + ' per kg</small>');              
      }
        
      if((parseInt(variantArray[7])<=0) || (hideInState.indexOf(currState) != -1)){
        $("#product-21178834845755 .ajax-add-to-cart-quick").html("<p class='error'>Out of Stock</p>");          
        $("#product-21178834845755 a").css({"pointer-events":"none"});          
        $("#product-21178834845755").remove();
        console.log(variantId + " removed.");            
      }
      else{
        $("#product-21178834845755").addClass("in-stock");
        
        var items = $("#headercartvals").attr("data-items").split(";");

        $.each(items, function(index, item) {
          if (item){ 
            var itemId = item.split("-")[0];
            var itemQty = item.split("-")[1];

            if(variantArray[4] === itemId){
              $("#product-21178834845755").find(".ajax-add-to-cart-quick").hide();
              $("#product-21178834845755").find(".ajax-update-cart .addToCartInput").val(itemQty);
              $("#product-21178834845755").find(".ajax-update-cart").show();
              return;                       
            } 
          }
        });                              
      }      
    }
  }                         
  $(".product-item").not(".in-stock").hide();              
</script>

<script>

    var productId =  null;
    var productObj = null;
    
        productId = "#product-21178834845755";
        productObj = $(productId).find('.product-of-origin');
    

    // product of origin second part of the rule
    if(productOfOrigin == "Default"){
        $(productObj).html("Product of Australia");
    } else if (productOfOrigin == "Packaged in") {
        $(productObj).html("Packed in Australia from Imported Ingredients");
    } else if (productOfOrigin == "Packaged in local") {
        $(productObj).html("Packed in Australia from Imported and Local Ingredients");
    } else if (productOfOrigin == "Made In") {
        $(productObj).html("Made in Australia from Imported Ingredients");
    } else if (productOfOrigin == "Made in local") {
        $(productObj).html("Made in Australia from Imported and Local Ingredients"); 
    } else{
        $(productObj).html("Product of "+ productOfOrigin);
    }

</script> 


        
           








<div class="product-item columns large-2 in-stock" id="product-2437627871241" data-variants="s:1,,,,2437627871241,999,,0;s:73,Australia,,,2437627904009,999,,18;" data-s1="0" data-s73="18" data-sort-tag="" data-shopify-sku="602504" data-uom="per kg" data-conversion-factor="3.63636363636363636" data-hideinstate="-">
  <script>
    var variants = addslashes("s:1,Default,Default,,2437627871241,999,,0;s:73,Australia,Default,,2437627904009,999,,18;"); 
	var partsOfStr = variants.split(';');
  </script>
  
  <div class="collection-image">
    <div class="additional" style="width: 100%; height: auto; position: absolute; left: 0px; top: 0px; background: rgba(183, 183, 183, 0.37); color: white; padding: 4px; display: none">
      <span class="sale" style="font-size: 14px; color: black;"></span></div>
    <a href="/collections/beef/products/cleavers-organic-beef-hotdog-602504">
      <img class="lazyOwl" data-src="//cdn.shopify.com/s/files/1/0206/9470/products/602504-done_large.jpg?v=1607830466" src="//cdn.shopify.com/s/files/1/0206/9470/products/602504-done_medium.jpg?v=1607830466" alt="Cleaver's Organic Beef Hotdog | Harris Farm Online" style="height: 100%; width: 100%">
    </a>
  </div>   
  <!-- .coll-image-wrap -->

  <div class="caption">
    
    <div class="box-title">
      
      <p class="title" style="height: 45px; ">
        <a href="/collections/beef/products/cleavers-organic-beef-hotdog-602504">
          Cleaver's Organic Beef Hotdog 275g 
        </a>
      </p>
      
      <script>
    var productOfOrigin;
</script>

    
    

    <!-- product of origin first part of the rule -->
    

    
    

    <!-- product of origin first part of the rule -->
    

    
    

    <!-- product of origin first part of the rule -->
    

    
    

    <!-- product of origin first part of the rule -->
    

    
    

    <!-- product of origin first part of the rule -->
    

    
    

    <!-- product of origin first part of the rule -->
    

    
    

    <!-- product of origin first part of the rule -->
    

    
    

    <!-- product of origin first part of the rule -->
    

    
    

    <!-- product of origin first part of the rule -->
    

    
    

    <!-- product of origin first part of the rule -->
    

    
    

    <!-- product of origin first part of the rule -->
    

    
    

    <!-- product of origin first part of the rule -->
    

    
    

    <!-- product of origin first part of the rule -->
    

    
    

    <!-- product of origin first part of the rule -->
    

    
    

    <!-- product of origin first part of the rule -->
    




      <div class="salecontainer">
        <span class="sale">			

          <span class="unit_price"><strong><span class="from_price">$9.99</span> <small>ea</small></strong></span><br>
    		  <span class="compare_at_price unit_price"><small>$36.33 per kg</small></span> 
        </span>
      </div>

    </div>


  </div><!-- .coll-prod-caption -->

  
<div class="ajax-add-to-cart-quick custom-form" style="position:absolute; left:0; right:0; bottom:-10px; justify-content:center;">  
  <select name="quantity" class="addToCartSelect">    
    
    	<option value="1">1</option>
    
    	<option value="2">2</option>
    
    	<option value="3">3</option>
    
    	<option value="4">4</option>
    
    	<option value="5">5</option>
    
    	<option value="6">6</option>
    
    	<option value="7">7</option>
    
    	<option value="8">8</option>
    
    	<option value="9">9</option>
    
    	<option value="10">10</option>
    
    	<option value="11">11</option>
    
    	<option value="12">12</option>
    
    	<option value="13">13</option>
    
    	<option value="14">14</option>
    
    	<option value="15">15</option>
    
    	<option value="16">16</option>
    
    	<option value="17">17</option>
    
    	<option value="18">18</option>
    
    	<option value="19">19</option>
    
    	<option value="20">20</option>
    
  </select>&nbsp; 
  <button class="btn addToCartButton" type="button" name="add" data-id="2437627904009" data-weather="" data-wholesale="" data-cap="" data-slider="" data-seafood="" data-juice="" data-mealkit="" data-loosesalad="" data-instorebakery="" data-shortdate="" data-hideinstate="-" style="white-space: nowrap; padding: 10px; height: 35px; width: 75px; letter-spacing: 0;">ADD</button>
</div>

<div class="ajax-update-cart custom-form" style="position:absolute; left:0; right:0; bottom:-10px; justify-content:center; display:none;">
  <a href="javascript:;" class="minusitem"><img src="//cdn.shopify.com/s/files/1/0206/9470/t/232/assets/MinusIcon.jpg?v=8086515874301911391" style="width: 30px; height: 35px;"></a>
  <input type="text" pattern="[0-9.]+" class="ajaxquantity addToCartInput" name="quantity" value="" readonly="" style="display:inline-block">
  <div class="lds-ring"><div></div><div></div><div></div><div></div></div>
  <a href="javascript:;" class="plusitem"><img src="//cdn.shopify.com/s/files/1/0206/9470/t/232/assets/PlusIcon.jpg?v=15674260478820120933" style="width: 30px; height: 35px;"></a>&nbsp; 
  <button class="btn addToCartButton" type="button" name="add" data-id="2437627904009" data-weather="" data-wholesale="" data-cap="" data-slider="" data-seafood="" data-juice="" data-mealkit="" data-loosesalad="" data-instorebakery="" data-shortdate="" data-hideinstate="-" style="background: #84D1E8; white-space: nowrap; padding: 10px; height: 35px; letter-spacing: 0;" onclick="window.location='/cart'">IN CART</button>
</div>


</div>

<script>        
  var pickingStore = (!$.cookie("picking_store")) ? 73 : $.cookie("picking_store"); 
  var pickingStoreVariant = "s:"+pickingStore;
  
  for (var i = 0; i < partsOfStr.length; i++){
    var variantArray = partsOfStr[i].split(',');
    var showProduct = false;    
    
    if (variantArray[0].trim() == pickingStoreVariant.trim()){
      showProduct = true;
      productOfOrigin = variantArray[1];
      var special =  variantArray[2]; 
      var additional = variantArray[3];       
      var variantId = variantArray[4];
      var price =  variantArray[5];
      var compareAtPrice = variantArray[6];
      var conversionFactor = $("#product-2437627871241").data("conversion-factor");                               
      var uom = $("#product-2437627871241").data("uom");
      var hideInState = $("#product-2437627871241").data("hideinstate");      
      
      if(additional){                
        $("#product-2437627871241 .additional .sale").html(additional.toUpperCase());
        $("#product-2437627871241 .additional").show();
      }
      
      $("#product-2437627871241 .btn").attr('data-id',variantId);      
      $("#product-2437627871241 .btn").attr('data-cap',compareAtPrice);          
      $("#product-2437627871241 .caption .salecontainer .sale .from_price").html('$' + (variantArray[5]/100).toFixed(2));         
        
      if(special != "Default"){          
        $("#product-2437627871241 .caption .unit_price .from_price").addClass("is-special");            
      }
            
      if (!compareAtPrice){
        if (uom != "" && uom ){ 
          $("#product-2437627871241 .caption .salecontainer .sale .compare_at_price").html('<small>$'+((price*conversionFactor)/100).toFixed(2)+" "+uom+'</small>');
        } 
      }
      else{
        $("#product-2437627871241 .caption .salecontainer .sale .compare_at_price").html('<small>$' + (variantArray[6]/100).toFixed(2) + ' per kg</small>');              
      }
        
      if((parseInt(variantArray[7])<=0) || (hideInState.indexOf(currState) != -1)){
        $("#product-2437627871241 .ajax-add-to-cart-quick").html("<p class='error'>Out of Stock</p>");          
        $("#product-2437627871241 a").css({"pointer-events":"none"});          
        $("#product-2437627871241").remove();
        console.log(variantId + " removed.");            
      }
      else{
        $("#product-2437627871241").addClass("in-stock");
        
        var items = $("#headercartvals").attr("data-items").split(";");

        $.each(items, function(index, item) {
          if (item){ 
            var itemId = item.split("-")[0];
            var itemQty = item.split("-")[1];

            if(variantArray[4] === itemId){
              $("#product-2437627871241").find(".ajax-add-to-cart-quick").hide();
              $("#product-2437627871241").find(".ajax-update-cart .addToCartInput").val(itemQty);
              $("#product-2437627871241").find(".ajax-update-cart").show();
              return;                       
            } 
          }
        });                              
      }      
    }
  }                         
  $(".product-item").not(".in-stock").hide();              
</script>

<script>

    var productId =  null;
    var productObj = null;
    
        productId = "#product-2437627871241";
        productObj = $(productId).find('.product-of-origin');
    

    // product of origin second part of the rule
    if(productOfOrigin == "Default"){
        $(productObj).html("Product of Australia");
    } else if (productOfOrigin == "Packaged in") {
        $(productObj).html("Packed in Australia from Imported Ingredients");
    } else if (productOfOrigin == "Packaged in local") {
        $(productObj).html("Packed in Australia from Imported and Local Ingredients");
    } else if (productOfOrigin == "Made In") {
        $(productObj).html("Made in Australia from Imported Ingredients");
    } else if (productOfOrigin == "Made in local") {
        $(productObj).html("Made in Australia from Imported and Local Ingredients"); 
    } else{
        $(productObj).html("Product of "+ productOfOrigin);
    }

</script> 


        
           








<div class="product-item columns large-2 in-stock" id="product-21178837368891" data-variants="s:1,,,,21178837368891,1330,3799,0;s:73,Australia,,,21178837401659,1330,3799,1;" data-s1="0" data-s73="1" data-sort-tag="" data-shopify-sku="602521" data-uom="per kg" data-conversion-factor="2.5" data-hideinstate="-">
  <script>
    var variants = addslashes("s:1,Default,Default,,21178837368891,1330,3799,0;s:73,Australia,Default,,21178837401659,1330,3799,1;"); 
	var partsOfStr = variants.split(';');
  </script>
  
  <div class="collection-image">
    <div class="additional" style="width: 100%; height: auto; position: absolute; left: 0px; top: 0px; background: rgba(183, 183, 183, 0.37); color: white; padding: 4px; display: none">
      <span class="sale" style="font-size: 14px; color: black;"></span></div>
    <a href="/collections/beef/products/cleavers-beef-rump-steak-organic-602521">
      <img class="lazyOwl" data-src="//cdn.shopify.com/s/files/1/0206/9470/products/602521-done_large.jpg?v=1599782529" src="//cdn.shopify.com/s/files/1/0206/9470/products/602521-done_medium.jpg?v=1599782529" alt="Cleavers Organic Beef Rump Steak | Harris Farm Online" style="height: 100%; width: 100%">
    </a>
  </div>   
  <!-- .coll-image-wrap -->

  <div class="caption">
    
    <div class="box-title">
      
      <p class="title" style="height: 45px; font-size: 12px;">
        <a href="/collections/beef/products/cleavers-beef-rump-steak-organic-602521">
          Cleaver's Organic Beef Rump Steak 150-350g 
        </a>
      </p>
      
      <script>
    var productOfOrigin;
</script>

    
    

    <!-- product of origin first part of the rule -->
    

    
    

    <!-- product of origin first part of the rule -->
    

    
    

    <!-- product of origin first part of the rule -->
    

    
    

    <!-- product of origin first part of the rule -->
    

    
    

    <!-- product of origin first part of the rule -->
    

    
    

    <!-- product of origin first part of the rule -->
    

    
    

    <!-- product of origin first part of the rule -->
    

    
    

    <!-- product of origin first part of the rule -->
    

    
    

    <!-- product of origin first part of the rule -->
    

    
    

    <!-- product of origin first part of the rule -->
    

    
    

    <!-- product of origin first part of the rule -->
    




      <div class="salecontainer">
        <span class="sale">			

          <span class="unit_price"><strong><span class="from_price">$13.30</span> <small>ea</small></strong></span><br>
    		  <span class="compare_at_price unit_price"><small>$37.99 per kg</small></span> 
        </span>
      </div>

    </div>


  </div><!-- .coll-prod-caption -->

  
<div class="ajax-add-to-cart-quick custom-form" style="position:absolute; left:0; right:0; bottom:-10px; justify-content:center;">  
  <select name="quantity" class="addToCartSelect">    
    
    	<option value="1">1</option>
    
    	<option value="2">2</option>
    
    	<option value="3">3</option>
    
    	<option value="4">4</option>
    
    	<option value="5">5</option>
    
    	<option value="6">6</option>
    
    	<option value="7">7</option>
    
    	<option value="8">8</option>
    
    	<option value="9">9</option>
    
    	<option value="10">10</option>
    
    	<option value="11">11</option>
    
    	<option value="12">12</option>
    
    	<option value="13">13</option>
    
    	<option value="14">14</option>
    
    	<option value="15">15</option>
    
    	<option value="16">16</option>
    
    	<option value="17">17</option>
    
    	<option value="18">18</option>
    
    	<option value="19">19</option>
    
    	<option value="20">20</option>
    
  </select>&nbsp; 
  <button class="btn addToCartButton" type="button" name="add" data-id="21178837401659" data-weather="" data-wholesale="" data-cap="3799" data-slider="" data-seafood="" data-juice="" data-mealkit="" data-loosesalad="" data-instorebakery="" data-shortdate="" data-hideinstate="-" style="white-space: nowrap; padding: 10px; height: 35px; width: 75px; letter-spacing: 0;">ADD</button>
</div>

<div class="ajax-update-cart custom-form" style="position:absolute; left:0; right:0; bottom:-10px; justify-content:center; display:none;">
  <a href="javascript:;" class="minusitem"><img src="//cdn.shopify.com/s/files/1/0206/9470/t/232/assets/MinusIcon.jpg?v=8086515874301911391" style="width: 30px; height: 35px;"></a>
  <input type="text" pattern="[0-9.]+" class="ajaxquantity addToCartInput" name="quantity" value="" readonly="" style="display:inline-block">
  <div class="lds-ring"><div></div><div></div><div></div><div></div></div>
  <a href="javascript:;" class="plusitem"><img src="//cdn.shopify.com/s/files/1/0206/9470/t/232/assets/PlusIcon.jpg?v=15674260478820120933" style="width: 30px; height: 35px;"></a>&nbsp; 
  <button class="btn addToCartButton" type="button" name="add" data-id="21178837401659" data-weather="" data-wholesale="" data-cap="3799" data-slider="" data-seafood="" data-juice="" data-mealkit="" data-loosesalad="" data-instorebakery="" data-shortdate="" data-hideinstate="-" style="background: #84D1E8; white-space: nowrap; padding: 10px; height: 35px; letter-spacing: 0;" onclick="window.location='/cart'">IN CART</button>
</div>


</div>

<script>        
  var pickingStore = (!$.cookie("picking_store")) ? 73 : $.cookie("picking_store"); 
  var pickingStoreVariant = "s:"+pickingStore;
  
  for (var i = 0; i < partsOfStr.length; i++){
    var variantArray = partsOfStr[i].split(',');
    var showProduct = false;    
    
    if (variantArray[0].trim() == pickingStoreVariant.trim()){
      showProduct = true;
      productOfOrigin = variantArray[1];
      var special =  variantArray[2]; 
      var additional = variantArray[3];       
      var variantId = variantArray[4];
      var price =  variantArray[5];
      var compareAtPrice = variantArray[6];
      var conversionFactor = $("#product-21178837368891").data("conversion-factor");                               
      var uom = $("#product-21178837368891").data("uom");
      var hideInState = $("#product-21178837368891").data("hideinstate");      
      
      if(additional){                
        $("#product-21178837368891 .additional .sale").html(additional.toUpperCase());
        $("#product-21178837368891 .additional").show();
      }
      
      $("#product-21178837368891 .btn").attr('data-id',variantId);      
      $("#product-21178837368891 .btn").attr('data-cap',compareAtPrice);          
      $("#product-21178837368891 .caption .salecontainer .sale .from_price").html('$' + (variantArray[5]/100).toFixed(2));         
        
      if(special != "Default"){          
        $("#product-21178837368891 .caption .unit_price .from_price").addClass("is-special");            
      }
            
      if (!compareAtPrice){
        if (uom != "" && uom ){ 
          $("#product-21178837368891 .caption .salecontainer .sale .compare_at_price").html('<small>$'+((price*conversionFactor)/100).toFixed(2)+" "+uom+'</small>');
        } 
      }
      else{
        $("#product-21178837368891 .caption .salecontainer .sale .compare_at_price").html('<small>$' + (variantArray[6]/100).toFixed(2) + ' per kg</small>');              
      }
        
      if((parseInt(variantArray[7])<=0) || (hideInState.indexOf(currState) != -1)){
        $("#product-21178837368891 .ajax-add-to-cart-quick").html("<p class='error'>Out of Stock</p>");          
        $("#product-21178837368891 a").css({"pointer-events":"none"});          
        $("#product-21178837368891").remove();
        console.log(variantId + " removed.");            
      }
      else{
        $("#product-21178837368891").addClass("in-stock");
        
        var items = $("#headercartvals").attr("data-items").split(";");

        $.each(items, function(index, item) {
          if (item){ 
            var itemId = item.split("-")[0];
            var itemQty = item.split("-")[1];

            if(variantArray[4] === itemId){
              $("#product-21178837368891").find(".ajax-add-to-cart-quick").hide();
              $("#product-21178837368891").find(".ajax-update-cart .addToCartInput").val(itemQty);
              $("#product-21178837368891").find(".ajax-update-cart").show();
              return;                       
            } 
          }
        });                              
      }      
    }
  }                         
  $(".product-item").not(".in-stock").hide();              
</script>

<script>

    var productId =  null;
    var productObj = null;
    
        productId = "#product-21178837368891";
        productObj = $(productId).find('.product-of-origin');
    

    // product of origin second part of the rule
    if(productOfOrigin == "Default"){
        $(productObj).html("Product of Australia");
    } else if (productOfOrigin == "Packaged in") {
        $(productObj).html("Packed in Australia from Imported Ingredients");
    } else if (productOfOrigin == "Packaged in local") {
        $(productObj).html("Packed in Australia from Imported and Local Ingredients");
    } else if (productOfOrigin == "Made In") {
        $(productObj).html("Made in Australia from Imported Ingredients");
    } else if (productOfOrigin == "Made in local") {
        $(productObj).html("Made in Australia from Imported and Local Ingredients"); 
    } else{
        $(productObj).html("Product of "+ productOfOrigin);
    }

</script> 


        
           








<div class="product-item columns large-2 in-stock" id="product-21178838581307" data-variants="s:1,,,,21178838581307,1590,5299,0;s:73,Australia,,,21178838614075,1590,5299,4;" data-s1="0" data-s73="4" data-sort-tag="" data-shopify-sku="602522" data-uom="per kg" data-conversion-factor="2.38095238095238095" data-hideinstate="-">
  <script>
    var variants = addslashes("s:1,Default,Default,,21178838581307,1590,5299,0;s:73,Australia,Default,,21178838614075,1590,5299,4;"); 
	var partsOfStr = variants.split(';');
  </script>
  
  <div class="collection-image">
    <div class="additional" style="width: 100%; height: auto; position: absolute; left: 0px; top: 0px; background: rgba(183, 183, 183, 0.37); color: white; padding: 4px; display: none">
      <span class="sale" style="font-size: 14px; color: black;"></span></div>
    <a href="/collections/beef/products/cleavers-beef-scotch-fillet-organic-602522">
      <img class="lazyOwl" data-src="//cdn.shopify.com/s/files/1/0206/9470/products/602522-done_large.jpg?v=1597954810" src="//cdn.shopify.com/s/files/1/0206/9470/products/602522-done_medium.jpg?v=1597954810" alt="Cleavers - Organic Beef Scotch Fillet | Harris Farm Online" style="height: 100%; width: 100%">
    </a>
  </div>   
  <!-- .coll-image-wrap -->

  <div class="caption">
    
    <div class="box-title">
      
      <p class="title" style="height: 45px; font-size: 12px;">
        <a href="/collections/beef/products/cleavers-beef-scotch-fillet-organic-602522">
          Cleaver's Organic Beef Scotch Fillet 200-300g 
        </a>
      </p>
      
      <script>
    var productOfOrigin;
</script>

    
    

    <!-- product of origin first part of the rule -->
    

    
    

    <!-- product of origin first part of the rule -->
    

    
    

    <!-- product of origin first part of the rule -->
    

    
    

    <!-- product of origin first part of the rule -->
    

    
    

    <!-- product of origin first part of the rule -->
    

    
    

    <!-- product of origin first part of the rule -->
    

    
    

    <!-- product of origin first part of the rule -->
    

    
    

    <!-- product of origin first part of the rule -->
    

    
    

    <!-- product of origin first part of the rule -->
    

    
    

    <!-- product of origin first part of the rule -->
    

    
    

    <!-- product of origin first part of the rule -->
    




      <div class="salecontainer">
        <span class="sale">			

          <span class="unit_price"><strong><span class="from_price">$15.90</span> <small>ea</small></strong></span><br>
    		  <span class="compare_at_price unit_price"><small>$52.99 per kg</small></span> 
        </span>
      </div>

    </div>


  </div><!-- .coll-prod-caption -->

  
<div class="ajax-add-to-cart-quick custom-form" style="position:absolute; left:0; right:0; bottom:-10px; justify-content:center;">  
  <select name="quantity" class="addToCartSelect">    
    
    	<option value="1">1</option>
    
    	<option value="2">2</option>
    
    	<option value="3">3</option>
    
    	<option value="4">4</option>
    
    	<option value="5">5</option>
    
    	<option value="6">6</option>
    
    	<option value="7">7</option>
    
    	<option value="8">8</option>
    
    	<option value="9">9</option>
    
    	<option value="10">10</option>
    
    	<option value="11">11</option>
    
    	<option value="12">12</option>
    
    	<option value="13">13</option>
    
    	<option value="14">14</option>
    
    	<option value="15">15</option>
    
    	<option value="16">16</option>
    
    	<option value="17">17</option>
    
    	<option value="18">18</option>
    
    	<option value="19">19</option>
    
    	<option value="20">20</option>
    
  </select>&nbsp; 
  <button class="btn addToCartButton" type="button" name="add" data-id="21178838614075" data-weather="" data-wholesale="" data-cap="5299" data-slider="" data-seafood="" data-juice="" data-mealkit="" data-loosesalad="" data-instorebakery="" data-shortdate="" data-hideinstate="-" style="white-space: nowrap; padding: 10px; height: 35px; width: 75px; letter-spacing: 0;">ADD</button>
</div>

<div class="ajax-update-cart custom-form" style="position:absolute; left:0; right:0; bottom:-10px; justify-content:center; display:none;">
  <a href="javascript:;" class="minusitem"><img src="//cdn.shopify.com/s/files/1/0206/9470/t/232/assets/MinusIcon.jpg?v=8086515874301911391" style="width: 30px; height: 35px;"></a>
  <input type="text" pattern="[0-9.]+" class="ajaxquantity addToCartInput" name="quantity" value="" readonly="" style="display:inline-block">
  <div class="lds-ring"><div></div><div></div><div></div><div></div></div>
  <a href="javascript:;" class="plusitem"><img src="//cdn.shopify.com/s/files/1/0206/9470/t/232/assets/PlusIcon.jpg?v=15674260478820120933" style="width: 30px; height: 35px;"></a>&nbsp; 
  <button class="btn addToCartButton" type="button" name="add" data-id="21178838614075" data-weather="" data-wholesale="" data-cap="5299" data-slider="" data-seafood="" data-juice="" data-mealkit="" data-loosesalad="" data-instorebakery="" data-shortdate="" data-hideinstate="-" style="background: #84D1E8; white-space: nowrap; padding: 10px; height: 35px; letter-spacing: 0;" onclick="window.location='/cart'">IN CART</button>
</div>


</div>

<script>        
  var pickingStore = (!$.cookie("picking_store")) ? 73 : $.cookie("picking_store"); 
  var pickingStoreVariant = "s:"+pickingStore;
  
  for (var i = 0; i < partsOfStr.length; i++){
    var variantArray = partsOfStr[i].split(',');
    var showProduct = false;    
    
    if (variantArray[0].trim() == pickingStoreVariant.trim()){
      showProduct = true;
      productOfOrigin = variantArray[1];
      var special =  variantArray[2]; 
      var additional = variantArray[3];       
      var variantId = variantArray[4];
      var price =  variantArray[5];
      var compareAtPrice = variantArray[6];
      var conversionFactor = $("#product-21178838581307").data("conversion-factor");                               
      var uom = $("#product-21178838581307").data("uom");
      var hideInState = $("#product-21178838581307").data("hideinstate");      
      
      if(additional){                
        $("#product-21178838581307 .additional .sale").html(additional.toUpperCase());
        $("#product-21178838581307 .additional").show();
      }
      
      $("#product-21178838581307 .btn").attr('data-id',variantId);      
      $("#product-21178838581307 .btn").attr('data-cap',compareAtPrice);          
      $("#product-21178838581307 .caption .salecontainer .sale .from_price").html('$' + (variantArray[5]/100).toFixed(2));         
        
      if(special != "Default"){          
        $("#product-21178838581307 .caption .unit_price .from_price").addClass("is-special");            
      }
            
      if (!compareAtPrice){
        if (uom != "" && uom ){ 
          $("#product-21178838581307 .caption .salecontainer .sale .compare_at_price").html('<small>$'+((price*conversionFactor)/100).toFixed(2)+" "+uom+'</small>');
        } 
      }
      else{
        $("#product-21178838581307 .caption .salecontainer .sale .compare_at_price").html('<small>$' + (variantArray[6]/100).toFixed(2) + ' per kg</small>');              
      }
        
      if((parseInt(variantArray[7])<=0) || (hideInState.indexOf(currState) != -1)){
        $("#product-21178838581307 .ajax-add-to-cart-quick").html("<p class='error'>Out of Stock</p>");          
        $("#product-21178838581307 a").css({"pointer-events":"none"});          
        $("#product-21178838581307").remove();
        console.log(variantId + " removed.");            
      }
      else{
        $("#product-21178838581307").addClass("in-stock");
        
        var items = $("#headercartvals").attr("data-items").split(";");

        $.each(items, function(index, item) {
          if (item){ 
            var itemId = item.split("-")[0];
            var itemQty = item.split("-")[1];

            if(variantArray[4] === itemId){
              $("#product-21178838581307").find(".ajax-add-to-cart-quick").hide();
              $("#product-21178838581307").find(".ajax-update-cart .addToCartInput").val(itemQty);
              $("#product-21178838581307").find(".ajax-update-cart").show();
              return;                       
            } 
          }
        });                              
      }      
    }
  }                         
  $(".product-item").not(".in-stock").hide();              
</script>

<script>

    var productId =  null;
    var productObj = null;
    
        productId = "#product-21178838581307";
        productObj = $(productId).find('.product-of-origin');
    

    // product of origin second part of the rule
    if(productOfOrigin == "Default"){
        $(productObj).html("Product of Australia");
    } else if (productOfOrigin == "Packaged in") {
        $(productObj).html("Packed in Australia from Imported Ingredients");
    } else if (productOfOrigin == "Packaged in local") {
        $(productObj).html("Packed in Australia from Imported and Local Ingredients");
    } else if (productOfOrigin == "Made In") {
        $(productObj).html("Made in Australia from Imported Ingredients");
    } else if (productOfOrigin == "Made in local") {
        $(productObj).html("Made in Australia from Imported and Local Ingredients"); 
    } else{
        $(productObj).html("Product of "+ productOfOrigin);
    }

</script> 


        
           








<div class="product-item columns large-2 in-stock" id="product-20921049808955" data-variants="s:1,,,,20921049808955,999,,0;s:73,Australia,,,20921049841723,999,,3;" data-s1="0" data-s73="3" data-sort-tag="" data-shopify-sku="602511" data-uom="per kg" data-conversion-factor="2.22222222222222222" data-hideinstate="-">
  <script>
    var variants = addslashes("s:1,Default,Default,,20921049808955,999,,0;s:73,Australia,Default,,20921049841723,999,,3;"); 
	var partsOfStr = variants.split(';');
  </script>
  
  <div class="collection-image">
    <div class="additional" style="width: 100%; height: auto; position: absolute; left: 0px; top: 0px; background: rgba(183, 183, 183, 0.37); color: white; padding: 4px; display: none">
      <span class="sale" style="font-size: 14px; color: black;"></span></div>
    <a href="/collections/beef/products/cleavers-beef-chuck-and-brisket-burgers-602511">
      <img class="lazyOwl" data-src="//cdn.shopify.com/s/files/1/0206/9470/products/602511-done_large.jpg?v=1556574996" src="//cdn.shopify.com/s/files/1/0206/9470/products/602511-done_medium.jpg?v=1556574996" alt="Cleaver's Organic Grass Fed Beef Chuck and Brisket Burgers x4 450g" style="height: 100%; width: 100%">
    </a>
  </div>   
  <!-- .coll-image-wrap -->

  <div class="caption">
    
    <div class="box-title">
      
      <p class="title" style="height: 52px; font-size: 12px;">
        <a href="/collections/beef/products/cleavers-beef-chuck-and-brisket-burgers-602511">
          Cleaver's Organic Grass Fed Beef Chuck and Brisket Burgers x4 450g 
        </a>
      </p>
      
      <script>
    var productOfOrigin;
</script>

    
    

    <!-- product of origin first part of the rule -->
    

    
    

    <!-- product of origin first part of the rule -->
    

    
    

    <!-- product of origin first part of the rule -->
    

    
    

    <!-- product of origin first part of the rule -->
    

    
    

    <!-- product of origin first part of the rule -->
    

    
    

    <!-- product of origin first part of the rule -->
    

    
    

    <!-- product of origin first part of the rule -->
    

    
    

    <!-- product of origin first part of the rule -->
    




      <div class="salecontainer">
        <span class="sale">			

          <span class="unit_price"><strong><span class="from_price">$9.99</span> <small>ea</small></strong></span><br>
    		  <span class="compare_at_price unit_price"><small>$22.20 per kg</small></span> 
        </span>
      </div>

    </div>


  </div><!-- .coll-prod-caption -->

  
<div class="ajax-add-to-cart-quick custom-form" style="position:absolute; left:0; right:0; bottom:-10px; justify-content:center;">  
  <select name="quantity" class="addToCartSelect">    
    
    	<option value="1">1</option>
    
    	<option value="2">2</option>
    
    	<option value="3">3</option>
    
    	<option value="4">4</option>
    
    	<option value="5">5</option>
    
    	<option value="6">6</option>
    
    	<option value="7">7</option>
    
    	<option value="8">8</option>
    
    	<option value="9">9</option>
    
    	<option value="10">10</option>
    
    	<option value="11">11</option>
    
    	<option value="12">12</option>
    
    	<option value="13">13</option>
    
    	<option value="14">14</option>
    
    	<option value="15">15</option>
    
    	<option value="16">16</option>
    
    	<option value="17">17</option>
    
    	<option value="18">18</option>
    
    	<option value="19">19</option>
    
    	<option value="20">20</option>
    
  </select>&nbsp; 
  <button class="btn addToCartButton" type="button" name="add" data-id="20921049841723" data-weather="" data-wholesale="" data-cap="" data-slider="" data-seafood="" data-juice="" data-mealkit="" data-loosesalad="" data-instorebakery="" data-shortdate="" data-hideinstate="-" style="white-space: nowrap; padding: 10px; height: 35px; width: 75px; letter-spacing: 0;">ADD</button>
</div>

<div class="ajax-update-cart custom-form" style="position:absolute; left:0; right:0; bottom:-10px; justify-content:center; display:none;">
  <a href="javascript:;" class="minusitem"><img src="//cdn.shopify.com/s/files/1/0206/9470/t/232/assets/MinusIcon.jpg?v=8086515874301911391" style="width: 30px; height: 35px;"></a>
  <input type="text" pattern="[0-9.]+" class="ajaxquantity addToCartInput" name="quantity" value="" readonly="" style="display:inline-block">
  <div class="lds-ring"><div></div><div></div><div></div><div></div></div>
  <a href="javascript:;" class="plusitem"><img src="//cdn.shopify.com/s/files/1/0206/9470/t/232/assets/PlusIcon.jpg?v=15674260478820120933" style="width: 30px; height: 35px;"></a>&nbsp; 
  <button class="btn addToCartButton" type="button" name="add" data-id="20921049841723" data-weather="" data-wholesale="" data-cap="" data-slider="" data-seafood="" data-juice="" data-mealkit="" data-loosesalad="" data-instorebakery="" data-shortdate="" data-hideinstate="-" style="background: #84D1E8; white-space: nowrap; padding: 10px; height: 35px; letter-spacing: 0;" onclick="window.location='/cart'">IN CART</button>
</div>


</div>

<script>        
  var pickingStore = (!$.cookie("picking_store")) ? 73 : $.cookie("picking_store"); 
  var pickingStoreVariant = "s:"+pickingStore;
  
  for (var i = 0; i < partsOfStr.length; i++){
    var variantArray = partsOfStr[i].split(',');
    var showProduct = false;    
    
    if (variantArray[0].trim() == pickingStoreVariant.trim()){
      showProduct = true;
      productOfOrigin = variantArray[1];
      var special =  variantArray[2]; 
      var additional = variantArray[3];       
      var variantId = variantArray[4];
      var price =  variantArray[5];
      var compareAtPrice = variantArray[6];
      var conversionFactor = $("#product-20921049808955").data("conversion-factor");                               
      var uom = $("#product-20921049808955").data("uom");
      var hideInState = $("#product-20921049808955").data("hideinstate");      
      
      if(additional){                
        $("#product-20921049808955 .additional .sale").html(additional.toUpperCase());
        $("#product-20921049808955 .additional").show();
      }
      
      $("#product-20921049808955 .btn").attr('data-id',variantId);      
      $("#product-20921049808955 .btn").attr('data-cap',compareAtPrice);          
      $("#product-20921049808955 .caption .salecontainer .sale .from_price").html('$' + (variantArray[5]/100).toFixed(2));         
        
      if(special != "Default"){          
        $("#product-20921049808955 .caption .unit_price .from_price").addClass("is-special");            
      }
            
      if (!compareAtPrice){
        if (uom != "" && uom ){ 
          $("#product-20921049808955 .caption .salecontainer .sale .compare_at_price").html('<small>$'+((price*conversionFactor)/100).toFixed(2)+" "+uom+'</small>');
        } 
      }
      else{
        $("#product-20921049808955 .caption .salecontainer .sale .compare_at_price").html('<small>$' + (variantArray[6]/100).toFixed(2) + ' per kg</small>');              
      }
        
      if((parseInt(variantArray[7])<=0) || (hideInState.indexOf(currState) != -1)){
        $("#product-20921049808955 .ajax-add-to-cart-quick").html("<p class='error'>Out of Stock</p>");          
        $("#product-20921049808955 a").css({"pointer-events":"none"});          
        $("#product-20921049808955").remove();
        console.log(variantId + " removed.");            
      }
      else{
        $("#product-20921049808955").addClass("in-stock");
        
        var items = $("#headercartvals").attr("data-items").split(";");

        $.each(items, function(index, item) {
          if (item){ 
            var itemId = item.split("-")[0];
            var itemQty = item.split("-")[1];

            if(variantArray[4] === itemId){
              $("#product-20921049808955").find(".ajax-add-to-cart-quick").hide();
              $("#product-20921049808955").find(".ajax-update-cart .addToCartInput").val(itemQty);
              $("#product-20921049808955").find(".ajax-update-cart").show();
              return;                       
            } 
          }
        });                              
      }      
    }
  }                         
  $(".product-item").not(".in-stock").hide();              
</script>

<script>

    var productId =  null;
    var productObj = null;
    
        productId = "#product-20921049808955";
        productObj = $(productId).find('.product-of-origin');
    

    // product of origin second part of the rule
    if(productOfOrigin == "Default"){
        $(productObj).html("Product of Australia");
    } else if (productOfOrigin == "Packaged in") {
        $(productObj).html("Packed in Australia from Imported Ingredients");
    } else if (productOfOrigin == "Packaged in local") {
        $(productObj).html("Packed in Australia from Imported and Local Ingredients");
    } else if (productOfOrigin == "Made In") {
        $(productObj).html("Made in Australia from Imported Ingredients");
    } else if (productOfOrigin == "Made in local") {
        $(productObj).html("Made in Australia from Imported and Local Ingredients"); 
    } else{
        $(productObj).html("Product of "+ productOfOrigin);
    }

</script> 


        
           








<div class="product-item columns large-2 in-stock" id="product-21178770587707" data-variants="s:1,Australia,,,21178770587707,1299,,0;s:73,Australia,,,21178770620475,1299,,2;" data-s1="0" data-s73="2" data-sort-tag="" data-shopify-sku="553003" data-uom="per kg" data-conversion-factor="2" data-hideinstate="-">
  <script>
    var variants = addslashes("s:1,Australia,Default,,21178770587707,1299,,0;s:73,Australia,Default,,21178770620475,1299,,2;"); 
	var partsOfStr = variants.split(';');
  </script>
  
  <div class="collection-image">
    <div class="additional" style="width: 100%; height: auto; position: absolute; left: 0px; top: 0px; background: rgba(183, 183, 183, 0.37); color: white; padding: 4px; display: none">
      <span class="sale" style="font-size: 14px; color: black;"></span></div>
    <a href="/collections/beef/products/cleavers-beef-mince-organic-premium">
      <img class="lazyOwl" data-src="//cdn.shopify.com/s/files/1/0206/9470/products/553003-done_large.jpg?v=1562035730" src="//cdn.shopify.com/s/files/1/0206/9470/products/553003-done_medium.jpg?v=1562035730" alt="Cleaver's Organic Premium Beef Mince 500g" style="height: 100%; width: 100%">
    </a>
  </div>   
  <!-- .coll-image-wrap -->

  <div class="caption">
    
    <div class="box-title">
      
      <p class="title" style="height: 45px; font-size: 12px;">
        <a href="/collections/beef/products/cleavers-beef-mince-organic-premium">
          Cleaver's Organic Premium Beef Mince 500g 
        </a>
      </p>
      
      <script>
    var productOfOrigin;
</script>

    
    

    <!-- product of origin first part of the rule -->
    

    
    

    <!-- product of origin first part of the rule -->
    

    
    

    <!-- product of origin first part of the rule -->
    

    
    

    <!-- product of origin first part of the rule -->
    

    
    

    <!-- product of origin first part of the rule -->
    

    
    

    <!-- product of origin first part of the rule -->
    

    
    

    <!-- product of origin first part of the rule -->
    

    
    

    <!-- product of origin first part of the rule -->
    

    
    

    <!-- product of origin first part of the rule -->
    

    
    

    <!-- product of origin first part of the rule -->
    

    
    

    <!-- product of origin first part of the rule -->
    




      <div class="salecontainer">
        <span class="sale">			

          <span class="unit_price"><strong><span class="from_price">$12.99</span> <small>ea</small></strong></span><br>
    		  <span class="compare_at_price unit_price"><small>$25.98 per kg</small></span> 
        </span>
      </div>

    </div>


  </div><!-- .coll-prod-caption -->

  
<div class="ajax-add-to-cart-quick custom-form" style="position:absolute; left:0; right:0; bottom:-10px; justify-content:center;">  
  <select name="quantity" class="addToCartSelect">    
    
    	<option value="1">1</option>
    
    	<option value="2">2</option>
    
    	<option value="3">3</option>
    
    	<option value="4">4</option>
    
    	<option value="5">5</option>
    
    	<option value="6">6</option>
    
    	<option value="7">7</option>
    
    	<option value="8">8</option>
    
    	<option value="9">9</option>
    
    	<option value="10">10</option>
    
    	<option value="11">11</option>
    
    	<option value="12">12</option>
    
    	<option value="13">13</option>
    
    	<option value="14">14</option>
    
    	<option value="15">15</option>
    
    	<option value="16">16</option>
    
    	<option value="17">17</option>
    
    	<option value="18">18</option>
    
    	<option value="19">19</option>
    
    	<option value="20">20</option>
    
  </select>&nbsp; 
  <button class="btn addToCartButton" type="button" name="add" data-id="21178770620475" data-weather="" data-wholesale="" data-cap="" data-slider="" data-seafood="" data-juice="" data-mealkit="" data-loosesalad="" data-instorebakery="" data-shortdate="" data-hideinstate="-" style="white-space: nowrap; padding: 10px; height: 35px; width: 75px; letter-spacing: 0;">ADD</button>
</div>

<div class="ajax-update-cart custom-form" style="position:absolute; left:0; right:0; bottom:-10px; justify-content:center; display:none;">
  <a href="javascript:;" class="minusitem"><img src="//cdn.shopify.com/s/files/1/0206/9470/t/232/assets/MinusIcon.jpg?v=8086515874301911391" style="width: 30px; height: 35px;"></a>
  <input type="text" pattern="[0-9.]+" class="ajaxquantity addToCartInput" name="quantity" value="" readonly="" style="display:inline-block">
  <div class="lds-ring"><div></div><div></div><div></div><div></div></div>
  <a href="javascript:;" class="plusitem"><img src="//cdn.shopify.com/s/files/1/0206/9470/t/232/assets/PlusIcon.jpg?v=15674260478820120933" style="width: 30px; height: 35px;"></a>&nbsp; 
  <button class="btn addToCartButton" type="button" name="add" data-id="21178770620475" data-weather="" data-wholesale="" data-cap="" data-slider="" data-seafood="" data-juice="" data-mealkit="" data-loosesalad="" data-instorebakery="" data-shortdate="" data-hideinstate="-" style="background: #84D1E8; white-space: nowrap; padding: 10px; height: 35px; letter-spacing: 0;" onclick="window.location='/cart'">IN CART</button>
</div>


</div>

<script>        
  var pickingStore = (!$.cookie("picking_store")) ? 73 : $.cookie("picking_store"); 
  var pickingStoreVariant = "s:"+pickingStore;
  
  for (var i = 0; i < partsOfStr.length; i++){
    var variantArray = partsOfStr[i].split(',');
    var showProduct = false;    
    
    if (variantArray[0].trim() == pickingStoreVariant.trim()){
      showProduct = true;
      productOfOrigin = variantArray[1];
      var special =  variantArray[2]; 
      var additional = variantArray[3];       
      var variantId = variantArray[4];
      var price =  variantArray[5];
      var compareAtPrice = variantArray[6];
      var conversionFactor = $("#product-21178770587707").data("conversion-factor");                               
      var uom = $("#product-21178770587707").data("uom");
      var hideInState = $("#product-21178770587707").data("hideinstate");      
      
      if(additional){                
        $("#product-21178770587707 .additional .sale").html(additional.toUpperCase());
        $("#product-21178770587707 .additional").show();
      }
      
      $("#product-21178770587707 .btn").attr('data-id',variantId);      
      $("#product-21178770587707 .btn").attr('data-cap',compareAtPrice);          
      $("#product-21178770587707 .caption .salecontainer .sale .from_price").html('$' + (variantArray[5]/100).toFixed(2));         
        
      if(special != "Default"){          
        $("#product-21178770587707 .caption .unit_price .from_price").addClass("is-special");            
      }
            
      if (!compareAtPrice){
        if (uom != "" && uom ){ 
          $("#product-21178770587707 .caption .salecontainer .sale .compare_at_price").html('<small>$'+((price*conversionFactor)/100).toFixed(2)+" "+uom+'</small>');
        } 
      }
      else{
        $("#product-21178770587707 .caption .salecontainer .sale .compare_at_price").html('<small>$' + (variantArray[6]/100).toFixed(2) + ' per kg</small>');              
      }
        
      if((parseInt(variantArray[7])<=0) || (hideInState.indexOf(currState) != -1)){
        $("#product-21178770587707 .ajax-add-to-cart-quick").html("<p class='error'>Out of Stock</p>");          
        $("#product-21178770587707 a").css({"pointer-events":"none"});          
        $("#product-21178770587707").remove();
        console.log(variantId + " removed.");            
      }
      else{
        $("#product-21178770587707").addClass("in-stock");
        
        var items = $("#headercartvals").attr("data-items").split(";");

        $.each(items, function(index, item) {
          if (item){ 
            var itemId = item.split("-")[0];
            var itemQty = item.split("-")[1];

            if(variantArray[4] === itemId){
              $("#product-21178770587707").find(".ajax-add-to-cart-quick").hide();
              $("#product-21178770587707").find(".ajax-update-cart .addToCartInput").val(itemQty);
              $("#product-21178770587707").find(".ajax-update-cart").show();
              return;                       
            } 
          }
        });                              
      }      
    }
  }                         
  $(".product-item").not(".in-stock").hide();              
</script>

<script>

    var productId =  null;
    var productObj = null;
    
        productId = "#product-21178770587707";
        productObj = $(productId).find('.product-of-origin');
    

    // product of origin second part of the rule
    if(productOfOrigin == "Default"){
        $(productObj).html("Product of Australia");
    } else if (productOfOrigin == "Packaged in") {
        $(productObj).html("Packed in Australia from Imported Ingredients");
    } else if (productOfOrigin == "Packaged in local") {
        $(productObj).html("Packed in Australia from Imported and Local Ingredients");
    } else if (productOfOrigin == "Made In") {
        $(productObj).html("Made in Australia from Imported Ingredients");
    } else if (productOfOrigin == "Made in local") {
        $(productObj).html("Made in Australia from Imported and Local Ingredients"); 
    } else{
        $(productObj).html("Product of "+ productOfOrigin);
    }

</script> 


        
           








<div class="product-item columns large-2 in-stock" id="product-2437611225097" data-variants="s:1,Australia,,,2437611225097,949,,0;s:73,Australia,,,2437611257865,949,,2;" data-s1="0" data-s73="2" data-sort-tag="" data-shopify-sku="602500" data-uom="per kg" data-conversion-factor="2.5" data-hideinstate="-">
  <script>
    var variants = addslashes("s:1,Australia,Default,,2437611225097,949,,0;s:73,Australia,Default,,2437611257865,949,,2;"); 
	var partsOfStr = variants.split(';');
  </script>
  
  <div class="collection-image">
    <div class="additional" style="width: 100%; height: auto; position: absolute; left: 0px; top: 0px; background: rgba(183, 183, 183, 0.37); color: white; padding: 4px; display: none">
      <span class="sale" style="font-size: 14px; color: black;"></span></div>
    <a href="/collections/beef/products/beef-meatballs-organic-cleavers">
      <img class="lazyOwl" data-src="//cdn.shopify.com/s/files/1/0206/9470/products/602500-done_3ed839a9-d0fd-41f6-a7d0-ca054641e209_large.jpg?v=1528502743" src="//cdn.shopify.com/s/files/1/0206/9470/products/602500-done_3ed839a9-d0fd-41f6-a7d0-ca054641e209_medium.jpg?v=1528502743" alt="Cleavers Organic Beef Meatballs 400g" style="height: 100%; width: 100%">
    </a>
  </div>   
  <!-- .coll-image-wrap -->

  <div class="caption">
    
    <div class="box-title">
      
      <p class="title" style="height: 45px; ">
        <a href="/collections/beef/products/beef-meatballs-organic-cleavers">
          Cleavers Organic Beef Meatballs 400g 
        </a>
      </p>
      
      <script>
    var productOfOrigin;
</script>

    
    

    <!-- product of origin first part of the rule -->
    

    
    

    <!-- product of origin first part of the rule -->
    

    
    

    <!-- product of origin first part of the rule -->
    

    
    

    <!-- product of origin first part of the rule -->
    

    
    

    <!-- product of origin first part of the rule -->
    

    
    

    <!-- product of origin first part of the rule -->
    

    
    

    <!-- product of origin first part of the rule -->
    

    
    

    <!-- product of origin first part of the rule -->
    

    
    

    <!-- product of origin first part of the rule -->
    

    
    

    <!-- product of origin first part of the rule -->
    

    
    

    <!-- product of origin first part of the rule -->
    




      <div class="salecontainer">
        <span class="sale">			

          <span class="unit_price"><strong><span class="from_price">$9.49</span> <small>ea</small></strong></span><br>
    		  <span class="compare_at_price unit_price"><small>$23.73 per kg</small></span> 
        </span>
      </div>

    </div>


  </div><!-- .coll-prod-caption -->

  
<div class="ajax-add-to-cart-quick custom-form" style="position:absolute; left:0; right:0; bottom:-10px; justify-content:center;">  
  <select name="quantity" class="addToCartSelect">    
    
    	<option value="1">1</option>
    
    	<option value="2">2</option>
    
    	<option value="3">3</option>
    
    	<option value="4">4</option>
    
    	<option value="5">5</option>
    
    	<option value="6">6</option>
    
    	<option value="7">7</option>
    
    	<option value="8">8</option>
    
    	<option value="9">9</option>
    
    	<option value="10">10</option>
    
    	<option value="11">11</option>
    
    	<option value="12">12</option>
    
    	<option value="13">13</option>
    
    	<option value="14">14</option>
    
    	<option value="15">15</option>
    
    	<option value="16">16</option>
    
    	<option value="17">17</option>
    
    	<option value="18">18</option>
    
    	<option value="19">19</option>
    
    	<option value="20">20</option>
    
  </select>&nbsp; 
  <button class="btn addToCartButton" type="button" name="add" data-id="2437611257865" data-weather="" data-wholesale="" data-cap="" data-slider="" data-seafood="" data-juice="" data-mealkit="" data-loosesalad="" data-instorebakery="" data-shortdate="" data-hideinstate="-" style="white-space: nowrap; padding: 10px; height: 35px; width: 75px; letter-spacing: 0;">ADD</button>
</div>

<div class="ajax-update-cart custom-form" style="position:absolute; left:0; right:0; bottom:-10px; justify-content:center; display:none;">
  <a href="javascript:;" class="minusitem"><img src="//cdn.shopify.com/s/files/1/0206/9470/t/232/assets/MinusIcon.jpg?v=8086515874301911391" style="width: 30px; height: 35px;"></a>
  <input type="text" pattern="[0-9.]+" class="ajaxquantity addToCartInput" name="quantity" value="" readonly="" style="display:inline-block">
  <div class="lds-ring"><div></div><div></div><div></div><div></div></div>
  <a href="javascript:;" class="plusitem"><img src="//cdn.shopify.com/s/files/1/0206/9470/t/232/assets/PlusIcon.jpg?v=15674260478820120933" style="width: 30px; height: 35px;"></a>&nbsp; 
  <button class="btn addToCartButton" type="button" name="add" data-id="2437611257865" data-weather="" data-wholesale="" data-cap="" data-slider="" data-seafood="" data-juice="" data-mealkit="" data-loosesalad="" data-instorebakery="" data-shortdate="" data-hideinstate="-" style="background: #84D1E8; white-space: nowrap; padding: 10px; height: 35px; letter-spacing: 0;" onclick="window.location='/cart'">IN CART</button>
</div>


</div>

<script>        
  var pickingStore = (!$.cookie("picking_store")) ? 73 : $.cookie("picking_store"); 
  var pickingStoreVariant = "s:"+pickingStore;
  
  for (var i = 0; i < partsOfStr.length; i++){
    var variantArray = partsOfStr[i].split(',');
    var showProduct = false;    
    
    if (variantArray[0].trim() == pickingStoreVariant.trim()){
      showProduct = true;
      productOfOrigin = variantArray[1];
      var special =  variantArray[2]; 
      var additional = variantArray[3];       
      var variantId = variantArray[4];
      var price =  variantArray[5];
      var compareAtPrice = variantArray[6];
      var conversionFactor = $("#product-2437611225097").data("conversion-factor");                               
      var uom = $("#product-2437611225097").data("uom");
      var hideInState = $("#product-2437611225097").data("hideinstate");      
      
      if(additional){                
        $("#product-2437611225097 .additional .sale").html(additional.toUpperCase());
        $("#product-2437611225097 .additional").show();
      }
      
      $("#product-2437611225097 .btn").attr('data-id',variantId);      
      $("#product-2437611225097 .btn").attr('data-cap',compareAtPrice);          
      $("#product-2437611225097 .caption .salecontainer .sale .from_price").html('$' + (variantArray[5]/100).toFixed(2));         
        
      if(special != "Default"){          
        $("#product-2437611225097 .caption .unit_price .from_price").addClass("is-special");            
      }
            
      if (!compareAtPrice){
        if (uom != "" && uom ){ 
          $("#product-2437611225097 .caption .salecontainer .sale .compare_at_price").html('<small>$'+((price*conversionFactor)/100).toFixed(2)+" "+uom+'</small>');
        } 
      }
      else{
        $("#product-2437611225097 .caption .salecontainer .sale .compare_at_price").html('<small>$' + (variantArray[6]/100).toFixed(2) + ' per kg</small>');              
      }
        
      if((parseInt(variantArray[7])<=0) || (hideInState.indexOf(currState) != -1)){
        $("#product-2437611225097 .ajax-add-to-cart-quick").html("<p class='error'>Out of Stock</p>");          
        $("#product-2437611225097 a").css({"pointer-events":"none"});          
        $("#product-2437611225097").remove();
        console.log(variantId + " removed.");            
      }
      else{
        $("#product-2437611225097").addClass("in-stock");
        
        var items = $("#headercartvals").attr("data-items").split(";");

        $.each(items, function(index, item) {
          if (item){ 
            var itemId = item.split("-")[0];
            var itemQty = item.split("-")[1];

            if(variantArray[4] === itemId){
              $("#product-2437611225097").find(".ajax-add-to-cart-quick").hide();
              $("#product-2437611225097").find(".ajax-update-cart .addToCartInput").val(itemQty);
              $("#product-2437611225097").find(".ajax-update-cart").show();
              return;                       
            } 
          }
        });                              
      }      
    }
  }                         
  $(".product-item").not(".in-stock").hide();              
</script>

<script>

    var productId =  null;
    var productObj = null;
    
        productId = "#product-2437611225097";
        productObj = $(productId).find('.product-of-origin');
    

    // product of origin second part of the rule
    if(productOfOrigin == "Default"){
        $(productObj).html("Product of Australia");
    } else if (productOfOrigin == "Packaged in") {
        $(productObj).html("Packed in Australia from Imported Ingredients");
    } else if (productOfOrigin == "Packaged in local") {
        $(productObj).html("Packed in Australia from Imported and Local Ingredients");
    } else if (productOfOrigin == "Made In") {
        $(productObj).html("Made in Australia from Imported Ingredients");
    } else if (productOfOrigin == "Made in local") {
        $(productObj).html("Made in Australia from Imported and Local Ingredients"); 
    } else{
        $(productObj).html("Product of "+ productOfOrigin);
    }

</script> 


        
           








<div class="product-item columns large-2 in-stock" id="product-3348910981" data-variants="s:1,Australia,,,3348910981,2399,2999,0;s:73,Australia,,,2165808955401,2399,2999,1;" data-s1="0" data-s73="1" data-sort-tag="" data-shopify-sku="602034" data-uom="per kg" data-conversion-factor="1.25" data-hideinstate="-">
  <script>
    var variants = addslashes("s:1,Australia,Default,,3348910981,2399,2999,0;s:73,Australia,Default,,2165808955401,2399,2999,1;"); 
	var partsOfStr = variants.split(';');
  </script>
  
  <div class="collection-image">
    <div class="additional" style="width: 100%; height: auto; position: absolute; left: 0px; top: 0px; background: rgba(183, 183, 183, 0.37); color: white; padding: 4px; display: none">
      <span class="sale" style="font-size: 14px; color: black;"></span></div>
    <a href="/collections/beef/products/beef-chuck-curious-cuts-602034">
      <img class="lazyOwl" data-src="//cdn.shopify.com/s/files/1/0206/9470/products/Beef_Chuck_Ribs_1000px_large.jpg?v=1600576842" src="//cdn.shopify.com/s/files/1/0206/9470/products/Beef_Chuck_Ribs_1000px_medium.jpg?v=1600576842" alt="Beef Chuck Rib Curious Cuts | Harris Farm Online" style="height: 100%; width: 100%">
    </a>
  </div>   
  <!-- .coll-image-wrap -->

  <div class="caption">
    
    <div class="box-title">
      
      <p class="title" style="height: 45px; font-size: 12px;">
        <a href="/collections/beef/products/beef-chuck-curious-cuts-602034">
          Curious Cuts Beef Chuck Rib 500-800g 
        </a>
      </p>
      
      <script>
    var productOfOrigin;
</script>

    
    

    <!-- product of origin first part of the rule -->
    

    
    

    <!-- product of origin first part of the rule -->
    

    
    

    <!-- product of origin first part of the rule -->
    

    
    

    <!-- product of origin first part of the rule -->
    

    
    

    <!-- product of origin first part of the rule -->
    




      <div class="salecontainer">
        <span class="sale">			

          <span class="unit_price"><strong><span class="from_price">$23.99</span> <small>ea</small></strong></span><br>
    		  <span class="compare_at_price unit_price"><small>$29.99 per kg</small></span> 
        </span>
      </div>

    </div>


  </div><!-- .coll-prod-caption -->

  
<div class="ajax-add-to-cart-quick custom-form" style="position:absolute; left:0; right:0; bottom:-10px; justify-content:center;">  
  <select name="quantity" class="addToCartSelect">    
    
    	<option value="1">1</option>
    
    	<option value="2">2</option>
    
    	<option value="3">3</option>
    
    	<option value="4">4</option>
    
    	<option value="5">5</option>
    
    	<option value="6">6</option>
    
    	<option value="7">7</option>
    
    	<option value="8">8</option>
    
    	<option value="9">9</option>
    
    	<option value="10">10</option>
    
    	<option value="11">11</option>
    
    	<option value="12">12</option>
    
    	<option value="13">13</option>
    
    	<option value="14">14</option>
    
    	<option value="15">15</option>
    
    	<option value="16">16</option>
    
    	<option value="17">17</option>
    
    	<option value="18">18</option>
    
    	<option value="19">19</option>
    
    	<option value="20">20</option>
    
  </select>&nbsp; 
  <button class="btn addToCartButton" type="button" name="add" data-id="2165808955401" data-weather="" data-wholesale="" data-cap="2999" data-slider="" data-seafood="" data-juice="" data-mealkit="" data-loosesalad="" data-instorebakery="" data-shortdate="" data-hideinstate="-" style="white-space: nowrap; padding: 10px; height: 35px; width: 75px; letter-spacing: 0;">ADD</button>
</div>

<div class="ajax-update-cart custom-form" style="position:absolute; left:0; right:0; bottom:-10px; justify-content:center; display:none;">
  <a href="javascript:;" class="minusitem"><img src="//cdn.shopify.com/s/files/1/0206/9470/t/232/assets/MinusIcon.jpg?v=8086515874301911391" style="width: 30px; height: 35px;"></a>
  <input type="text" pattern="[0-9.]+" class="ajaxquantity addToCartInput" name="quantity" value="" readonly="" style="display:inline-block">
  <div class="lds-ring"><div></div><div></div><div></div><div></div></div>
  <a href="javascript:;" class="plusitem"><img src="//cdn.shopify.com/s/files/1/0206/9470/t/232/assets/PlusIcon.jpg?v=15674260478820120933" style="width: 30px; height: 35px;"></a>&nbsp; 
  <button class="btn addToCartButton" type="button" name="add" data-id="2165808955401" data-weather="" data-wholesale="" data-cap="2999" data-slider="" data-seafood="" data-juice="" data-mealkit="" data-loosesalad="" data-instorebakery="" data-shortdate="" data-hideinstate="-" style="background: #84D1E8; white-space: nowrap; padding: 10px; height: 35px; letter-spacing: 0;" onclick="window.location='/cart'">IN CART</button>
</div>


</div>

<script>        
  var pickingStore = (!$.cookie("picking_store")) ? 73 : $.cookie("picking_store"); 
  var pickingStoreVariant = "s:"+pickingStore;
  
  for (var i = 0; i < partsOfStr.length; i++){
    var variantArray = partsOfStr[i].split(',');
    var showProduct = false;    
    
    if (variantArray[0].trim() == pickingStoreVariant.trim()){
      showProduct = true;
      productOfOrigin = variantArray[1];
      var special =  variantArray[2]; 
      var additional = variantArray[3];       
      var variantId = variantArray[4];
      var price =  variantArray[5];
      var compareAtPrice = variantArray[6];
      var conversionFactor = $("#product-3348910981").data("conversion-factor");                               
      var uom = $("#product-3348910981").data("uom");
      var hideInState = $("#product-3348910981").data("hideinstate");      
      
      if(additional){                
        $("#product-3348910981 .additional .sale").html(additional.toUpperCase());
        $("#product-3348910981 .additional").show();
      }
      
      $("#product-3348910981 .btn").attr('data-id',variantId);      
      $("#product-3348910981 .btn").attr('data-cap',compareAtPrice);          
      $("#product-3348910981 .caption .salecontainer .sale .from_price").html('$' + (variantArray[5]/100).toFixed(2));         
        
      if(special != "Default"){          
        $("#product-3348910981 .caption .unit_price .from_price").addClass("is-special");            
      }
            
      if (!compareAtPrice){
        if (uom != "" && uom ){ 
          $("#product-3348910981 .caption .salecontainer .sale .compare_at_price").html('<small>$'+((price*conversionFactor)/100).toFixed(2)+" "+uom+'</small>');
        } 
      }
      else{
        $("#product-3348910981 .caption .salecontainer .sale .compare_at_price").html('<small>$' + (variantArray[6]/100).toFixed(2) + ' per kg</small>');              
      }
        
      if((parseInt(variantArray[7])<=0) || (hideInState.indexOf(currState) != -1)){
        $("#product-3348910981 .ajax-add-to-cart-quick").html("<p class='error'>Out of Stock</p>");          
        $("#product-3348910981 a").css({"pointer-events":"none"});          
        $("#product-3348910981").remove();
        console.log(variantId + " removed.");            
      }
      else{
        $("#product-3348910981").addClass("in-stock");
        
        var items = $("#headercartvals").attr("data-items").split(";");

        $.each(items, function(index, item) {
          if (item){ 
            var itemId = item.split("-")[0];
            var itemQty = item.split("-")[1];

            if(variantArray[4] === itemId){
              $("#product-3348910981").find(".ajax-add-to-cart-quick").hide();
              $("#product-3348910981").find(".ajax-update-cart .addToCartInput").val(itemQty);
              $("#product-3348910981").find(".ajax-update-cart").show();
              return;                       
            } 
          }
        });                              
      }      
    }
  }                         
  $(".product-item").not(".in-stock").hide();              
</script>

<script>

    var productId =  null;
    var productObj = null;
    
        productId = "#product-3348910981";
        productObj = $(productId).find('.product-of-origin');
    

    // product of origin second part of the rule
    if(productOfOrigin == "Default"){
        $(productObj).html("Product of Australia");
    } else if (productOfOrigin == "Packaged in") {
        $(productObj).html("Packed in Australia from Imported Ingredients");
    } else if (productOfOrigin == "Packaged in local") {
        $(productObj).html("Packed in Australia from Imported and Local Ingredients");
    } else if (productOfOrigin == "Made In") {
        $(productObj).html("Made in Australia from Imported Ingredients");
    } else if (productOfOrigin == "Made in local") {
        $(productObj).html("Made in Australia from Imported and Local Ingredients"); 
    } else{
        $(productObj).html("Product of "+ productOfOrigin);
    }

</script> 


        
           








<div class="product-item columns large-2 in-stock" id="product-9199001285" data-variants="s:1,Australia,,,9199001285,2249,2499,0;s:73,Australia,,,2165836808201,2249,2499,6;" data-s1="0" data-s73="6" data-sort-tag="" data-shopify-sku="602036" data-uom="per kg" data-conversion-factor="0.952380952380952381" data-hideinstate="-">
  <script>
    var variants = addslashes("s:1,Australia,Default,,9199001285,2249,2499,0;s:73,Australia,Default,,2165836808201,2249,2499,6;"); 
	var partsOfStr = variants.split(';');
  </script>
  
  <div class="collection-image">
    <div class="additional" style="width: 100%; height: auto; position: absolute; left: 0px; top: 0px; background: rgba(183, 183, 183, 0.37); color: white; padding: 4px; display: none">
      <span class="sale" style="font-size: 14px; color: black;"></span></div>
    <a href="/collections/beef/products/beef-skirt-steak-curious-cuts-602036">
      <img class="lazyOwl" data-src="//cdn.shopify.com/s/files/1/0206/9470/products/Beef_Skirt_Steak_1000px_2_large.jpg?v=1594791542" src="//cdn.shopify.com/s/files/1/0206/9470/products/Beef_Skirt_Steak_1000px_2_medium.jpg?v=1594791542" alt="Beef - Skirt Steak - Curious Cuts | Harris Farm Online" style="height: 100%; width: 100%">
    </a>
  </div>   
  <!-- .coll-image-wrap -->

  <div class="caption">
    
    <div class="box-title">
      
      <p class="title" style="height: 45px; font-size: 12px;">
        <a href="/collections/beef/products/beef-skirt-steak-curious-cuts-602036">
          Curious Cuts Beef Skirt Steak 750g-1.05kg 
        </a>
      </p>
      
      <script>
    var productOfOrigin;
</script>

    
    

    <!-- product of origin first part of the rule -->
    

    
    

    <!-- product of origin first part of the rule -->
    

    
    

    <!-- product of origin first part of the rule -->
    

    
    

    <!-- product of origin first part of the rule -->
    

    
    

    <!-- product of origin first part of the rule -->
    

    
    

    <!-- product of origin first part of the rule -->
    




      <div class="salecontainer">
        <span class="sale">			

          <span class="unit_price"><strong><span class="from_price">$22.49</span> <small>ea</small></strong></span><br>
    		  <span class="compare_at_price unit_price"><small>$24.99 per kg</small></span> 
        </span>
      </div>

    </div>


  </div><!-- .coll-prod-caption -->

  
<div class="ajax-add-to-cart-quick custom-form" style="position:absolute; left:0; right:0; bottom:-10px; justify-content:center;">  
  <select name="quantity" class="addToCartSelect">    
    
    	<option value="1">1</option>
    
    	<option value="2">2</option>
    
    	<option value="3">3</option>
    
    	<option value="4">4</option>
    
    	<option value="5">5</option>
    
    	<option value="6">6</option>
    
    	<option value="7">7</option>
    
    	<option value="8">8</option>
    
    	<option value="9">9</option>
    
    	<option value="10">10</option>
    
    	<option value="11">11</option>
    
    	<option value="12">12</option>
    
    	<option value="13">13</option>
    
    	<option value="14">14</option>
    
    	<option value="15">15</option>
    
    	<option value="16">16</option>
    
    	<option value="17">17</option>
    
    	<option value="18">18</option>
    
    	<option value="19">19</option>
    
    	<option value="20">20</option>
    
  </select>&nbsp; 
  <button class="btn addToCartButton" type="button" name="add" data-id="2165836808201" data-weather="" data-wholesale="" data-cap="2499" data-slider="" data-seafood="" data-juice="" data-mealkit="" data-loosesalad="" data-instorebakery="" data-shortdate="" data-hideinstate="-" style="white-space: nowrap; padding: 10px; height: 35px; width: 75px; letter-spacing: 0;">ADD</button>
</div>

<div class="ajax-update-cart custom-form" style="position:absolute; left:0; right:0; bottom:-10px; justify-content:center; display:none;">
  <a href="javascript:;" class="minusitem"><img src="//cdn.shopify.com/s/files/1/0206/9470/t/232/assets/MinusIcon.jpg?v=8086515874301911391" style="width: 30px; height: 35px;"></a>
  <input type="text" pattern="[0-9.]+" class="ajaxquantity addToCartInput" name="quantity" value="" readonly="" style="display:inline-block">
  <div class="lds-ring"><div></div><div></div><div></div><div></div></div>
  <a href="javascript:;" class="plusitem"><img src="//cdn.shopify.com/s/files/1/0206/9470/t/232/assets/PlusIcon.jpg?v=15674260478820120933" style="width: 30px; height: 35px;"></a>&nbsp; 
  <button class="btn addToCartButton" type="button" name="add" data-id="2165836808201" data-weather="" data-wholesale="" data-cap="2499" data-slider="" data-seafood="" data-juice="" data-mealkit="" data-loosesalad="" data-instorebakery="" data-shortdate="" data-hideinstate="-" style="background: #84D1E8; white-space: nowrap; padding: 10px; height: 35px; letter-spacing: 0;" onclick="window.location='/cart'">IN CART</button>
</div>


</div>

<script>        
  var pickingStore = (!$.cookie("picking_store")) ? 73 : $.cookie("picking_store"); 
  var pickingStoreVariant = "s:"+pickingStore;
  
  for (var i = 0; i < partsOfStr.length; i++){
    var variantArray = partsOfStr[i].split(',');
    var showProduct = false;    
    
    if (variantArray[0].trim() == pickingStoreVariant.trim()){
      showProduct = true;
      productOfOrigin = variantArray[1];
      var special =  variantArray[2]; 
      var additional = variantArray[3];       
      var variantId = variantArray[4];
      var price =  variantArray[5];
      var compareAtPrice = variantArray[6];
      var conversionFactor = $("#product-9199001285").data("conversion-factor");                               
      var uom = $("#product-9199001285").data("uom");
      var hideInState = $("#product-9199001285").data("hideinstate");      
      
      if(additional){                
        $("#product-9199001285 .additional .sale").html(additional.toUpperCase());
        $("#product-9199001285 .additional").show();
      }
      
      $("#product-9199001285 .btn").attr('data-id',variantId);      
      $("#product-9199001285 .btn").attr('data-cap',compareAtPrice);          
      $("#product-9199001285 .caption .salecontainer .sale .from_price").html('$' + (variantArray[5]/100).toFixed(2));         
        
      if(special != "Default"){          
        $("#product-9199001285 .caption .unit_price .from_price").addClass("is-special");            
      }
            
      if (!compareAtPrice){
        if (uom != "" && uom ){ 
          $("#product-9199001285 .caption .salecontainer .sale .compare_at_price").html('<small>$'+((price*conversionFactor)/100).toFixed(2)+" "+uom+'</small>');
        } 
      }
      else{
        $("#product-9199001285 .caption .salecontainer .sale .compare_at_price").html('<small>$' + (variantArray[6]/100).toFixed(2) + ' per kg</small>');              
      }
        
      if((parseInt(variantArray[7])<=0) || (hideInState.indexOf(currState) != -1)){
        $("#product-9199001285 .ajax-add-to-cart-quick").html("<p class='error'>Out of Stock</p>");          
        $("#product-9199001285 a").css({"pointer-events":"none"});          
        $("#product-9199001285").remove();
        console.log(variantId + " removed.");            
      }
      else{
        $("#product-9199001285").addClass("in-stock");
        
        var items = $("#headercartvals").attr("data-items").split(";");

        $.each(items, function(index, item) {
          if (item){ 
            var itemId = item.split("-")[0];
            var itemQty = item.split("-")[1];

            if(variantArray[4] === itemId){
              $("#product-9199001285").find(".ajax-add-to-cart-quick").hide();
              $("#product-9199001285").find(".ajax-update-cart .addToCartInput").val(itemQty);
              $("#product-9199001285").find(".ajax-update-cart").show();
              return;                       
            } 
          }
        });                              
      }      
    }
  }                         
  $(".product-item").not(".in-stock").hide();              
</script>

<script>

    var productId =  null;
    var productObj = null;
    
        productId = "#product-9199001285";
        productObj = $(productId).find('.product-of-origin');
    

    // product of origin second part of the rule
    if(productOfOrigin == "Default"){
        $(productObj).html("Product of Australia");
    } else if (productOfOrigin == "Packaged in") {
        $(productObj).html("Packed in Australia from Imported Ingredients");
    } else if (productOfOrigin == "Packaged in local") {
        $(productObj).html("Packed in Australia from Imported and Local Ingredients");
    } else if (productOfOrigin == "Made In") {
        $(productObj).html("Made in Australia from Imported Ingredients");
    } else if (productOfOrigin == "Made in local") {
        $(productObj).html("Made in Australia from Imported and Local Ingredients"); 
    } else{
        $(productObj).html("Product of "+ productOfOrigin);
    }

</script> 


        
           








<div class="product-item columns large-2 in-stock" id="product-3348891013" data-variants="s:1,Australia,,,3348891013,3299,2999,0;s:73,Australia,,,2165839233033,3299,2999,10;" data-s1="0" data-s73="10" data-sort-tag="" data-shopify-sku="602033" data-uom="per kg" data-conversion-factor="0.909090909090909091" data-hideinstate="-">
  <script>
    var variants = addslashes("s:1,Australia,Default,,3348891013,3299,2999,0;s:73,Australia,Default,,2165839233033,3299,2999,10;"); 
	var partsOfStr = variants.split(';');
  </script>
  
  <div class="collection-image">
    <div class="additional" style="width: 100%; height: auto; position: absolute; left: 0px; top: 0px; background: rgba(183, 183, 183, 0.37); color: white; padding: 4px; display: none">
      <span class="sale" style="font-size: 14px; color: black;"></span></div>
    <a href="/collections/beef/products/beef-tri-tip-curious-cuts-602033">
      <img class="lazyOwl" data-src="//cdn.shopify.com/s/files/1/0206/9470/products/Beef_Tri_Tip_1000px_large.jpg?v=1441093441" src="//cdn.shopify.com/s/files/1/0206/9470/products/Beef_Tri_Tip_1000px_medium.jpg?v=1441093441" alt="Beef Tri Tip (650g - 750g) - Curious Cuts , Frdg5-Meat - HFM, Harris Farm Markets
" style="height: 100%; width: 100%">
    </a>
  </div>   
  <!-- .coll-image-wrap -->

  <div class="caption">
    
    <div class="box-title">
      
      <p class="title" style="height: 45px; font-size: 12px;">
        <a href="/collections/beef/products/beef-tri-tip-curious-cuts-602033">
          Curious Cuts Beef Tri Tip 700g-1.1kg 
        </a>
      </p>
      
      <script>
    var productOfOrigin;
</script>

    
    

    <!-- product of origin first part of the rule -->
    

    
    

    <!-- product of origin first part of the rule -->
    

    
    

    <!-- product of origin first part of the rule -->
    

    
    

    <!-- product of origin first part of the rule -->
    

    
    

    <!-- product of origin first part of the rule -->
    

    
    

    <!-- product of origin first part of the rule -->
    

    
    

    <!-- product of origin first part of the rule -->
    




      <div class="salecontainer">
        <span class="sale">			

          <span class="unit_price"><strong><span class="from_price">$32.99</span> <small>ea</small></strong></span><br>
    		  <span class="compare_at_price unit_price"><small>$29.99 per kg</small></span> 
        </span>
      </div>

    </div>


  </div><!-- .coll-prod-caption -->

  
<div class="ajax-add-to-cart-quick custom-form" style="position:absolute; left:0; right:0; bottom:-10px; justify-content:center;">  
  <select name="quantity" class="addToCartSelect">    
    
    	<option value="1">1</option>
    
    	<option value="2">2</option>
    
    	<option value="3">3</option>
    
    	<option value="4">4</option>
    
    	<option value="5">5</option>
    
    	<option value="6">6</option>
    
    	<option value="7">7</option>
    
    	<option value="8">8</option>
    
    	<option value="9">9</option>
    
    	<option value="10">10</option>
    
    	<option value="11">11</option>
    
    	<option value="12">12</option>
    
    	<option value="13">13</option>
    
    	<option value="14">14</option>
    
    	<option value="15">15</option>
    
    	<option value="16">16</option>
    
    	<option value="17">17</option>
    
    	<option value="18">18</option>
    
    	<option value="19">19</option>
    
    	<option value="20">20</option>
    
  </select>&nbsp; 
  <button class="btn addToCartButton" type="button" name="add" data-id="2165839233033" data-weather="" data-wholesale="" data-cap="2999" data-slider="" data-seafood="" data-juice="" data-mealkit="" data-loosesalad="" data-instorebakery="" data-shortdate="" data-hideinstate="-" style="white-space: nowrap; padding: 10px; height: 35px; width: 75px; letter-spacing: 0;">ADD</button>
</div>

<div class="ajax-update-cart custom-form" style="position:absolute; left:0; right:0; bottom:-10px; justify-content:center; display:none;">
  <a href="javascript:;" class="minusitem"><img src="//cdn.shopify.com/s/files/1/0206/9470/t/232/assets/MinusIcon.jpg?v=8086515874301911391" style="width: 30px; height: 35px;"></a>
  <input type="text" pattern="[0-9.]+" class="ajaxquantity addToCartInput" name="quantity" value="" readonly="" style="display:inline-block">
  <div class="lds-ring"><div></div><div></div><div></div><div></div></div>
  <a href="javascript:;" class="plusitem"><img src="//cdn.shopify.com/s/files/1/0206/9470/t/232/assets/PlusIcon.jpg?v=15674260478820120933" style="width: 30px; height: 35px;"></a>&nbsp; 
  <button class="btn addToCartButton" type="button" name="add" data-id="2165839233033" data-weather="" data-wholesale="" data-cap="2999" data-slider="" data-seafood="" data-juice="" data-mealkit="" data-loosesalad="" data-instorebakery="" data-shortdate="" data-hideinstate="-" style="background: #84D1E8; white-space: nowrap; padding: 10px; height: 35px; letter-spacing: 0;" onclick="window.location='/cart'">IN CART</button>
</div>


</div>

<script>        
  var pickingStore = (!$.cookie("picking_store")) ? 73 : $.cookie("picking_store"); 
  var pickingStoreVariant = "s:"+pickingStore;
  
  for (var i = 0; i < partsOfStr.length; i++){
    var variantArray = partsOfStr[i].split(',');
    var showProduct = false;    
    
    if (variantArray[0].trim() == pickingStoreVariant.trim()){
      showProduct = true;
      productOfOrigin = variantArray[1];
      var special =  variantArray[2]; 
      var additional = variantArray[3];       
      var variantId = variantArray[4];
      var price =  variantArray[5];
      var compareAtPrice = variantArray[6];
      var conversionFactor = $("#product-3348891013").data("conversion-factor");                               
      var uom = $("#product-3348891013").data("uom");
      var hideInState = $("#product-3348891013").data("hideinstate");      
      
      if(additional){                
        $("#product-3348891013 .additional .sale").html(additional.toUpperCase());
        $("#product-3348891013 .additional").show();
      }
      
      $("#product-3348891013 .btn").attr('data-id',variantId);      
      $("#product-3348891013 .btn").attr('data-cap',compareAtPrice);          
      $("#product-3348891013 .caption .salecontainer .sale .from_price").html('$' + (variantArray[5]/100).toFixed(2));         
        
      if(special != "Default"){          
        $("#product-3348891013 .caption .unit_price .from_price").addClass("is-special");            
      }
            
      if (!compareAtPrice){
        if (uom != "" && uom ){ 
          $("#product-3348891013 .caption .salecontainer .sale .compare_at_price").html('<small>$'+((price*conversionFactor)/100).toFixed(2)+" "+uom+'</small>');
        } 
      }
      else{
        $("#product-3348891013 .caption .salecontainer .sale .compare_at_price").html('<small>$' + (variantArray[6]/100).toFixed(2) + ' per kg</small>');              
      }
        
      if((parseInt(variantArray[7])<=0) || (hideInState.indexOf(currState) != -1)){
        $("#product-3348891013 .ajax-add-to-cart-quick").html("<p class='error'>Out of Stock</p>");          
        $("#product-3348891013 a").css({"pointer-events":"none"});          
        $("#product-3348891013").remove();
        console.log(variantId + " removed.");            
      }
      else{
        $("#product-3348891013").addClass("in-stock");
        
        var items = $("#headercartvals").attr("data-items").split(";");

        $.each(items, function(index, item) {
          if (item){ 
            var itemId = item.split("-")[0];
            var itemQty = item.split("-")[1];

            if(variantArray[4] === itemId){
              $("#product-3348891013").find(".ajax-add-to-cart-quick").hide();
              $("#product-3348891013").find(".ajax-update-cart .addToCartInput").val(itemQty);
              $("#product-3348891013").find(".ajax-update-cart").show();
              return;                       
            } 
          }
        });                              
      }      
    }
  }                         
  $(".product-item").not(".in-stock").hide();              
</script>

<script>

    var productId =  null;
    var productObj = null;
    
        productId = "#product-3348891013";
        productObj = $(productId).find('.product-of-origin');
    

    // product of origin second part of the rule
    if(productOfOrigin == "Default"){
        $(productObj).html("Product of Australia");
    } else if (productOfOrigin == "Packaged in") {
        $(productObj).html("Packed in Australia from Imported Ingredients");
    } else if (productOfOrigin == "Packaged in local") {
        $(productObj).html("Packed in Australia from Imported and Local Ingredients");
    } else if (productOfOrigin == "Made In") {
        $(productObj).html("Made in Australia from Imported Ingredients");
    } else if (productOfOrigin == "Made in local") {
        $(productObj).html("Made in Australia from Imported and Local Ingredients"); 
    } else{
        $(productObj).html("Product of "+ productOfOrigin);
    }

</script> 


        
           








<div class="product-item columns large-2 in-stock" id="product-671652573" data-variants="s:1,Australia,,,671652573,4499,2999,0;s:73,Australia,,,2165813739529,4499,2999,11;" data-s1="0" data-s73="11" data-sort-tag="" data-shopify-sku="552100" data-uom="per kg" data-conversion-factor="0.666666666666666667" data-hideinstate="-">
  <script>
    var variants = addslashes("s:1,Australia,Default,,671652573,4499,2999,0;s:73,Australia,Default,,2165813739529,4499,2999,11;"); 
	var partsOfStr = variants.split(';');
  </script>
  
  <div class="collection-image">
    <div class="additional" style="width: 100%; height: auto; position: absolute; left: 0px; top: 0px; background: rgba(183, 183, 183, 0.37); color: white; padding: 4px; display: none">
      <span class="sale" style="font-size: 14px; color: black;"></span></div>
    <a href="/collections/beef/products/beef-eye-fillet-552100">
      <img class="lazyOwl" data-src="//cdn.shopify.com/s/files/1/0206/9470/products/beef_eye_fillet_resized_d5e3d4c7-a069-4683-b4d2-b9218afaa375_large.jpeg?v=1594787394" src="//cdn.shopify.com/s/files/1/0206/9470/products/beef_eye_fillet_resized_d5e3d4c7-a069-4683-b4d2-b9218afaa375_medium.jpeg?v=1594787394" alt="ECONOMY BEEF EYE FILLET | Harris Farm Online" style="height: 100%; width: 100%">
    </a>
  </div>   
  <!-- .coll-image-wrap -->

  <div class="caption">
    
    <div class="box-title">
      
      <p class="title" style="height: 45px; ">
        <a href="/collections/beef/products/beef-eye-fillet-552100">
          Economy Beef Eye Fillet 1.4-1.8kg 
        </a>
      </p>
      
      <script>
    var productOfOrigin;
</script>

    
    

    <!-- product of origin first part of the rule -->
    

    
    

    <!-- product of origin first part of the rule -->
    

    
    

    <!-- product of origin first part of the rule -->
    

    
    

    <!-- product of origin first part of the rule -->
    

    
    

    <!-- product of origin first part of the rule -->
    

    
    

    <!-- product of origin first part of the rule -->
    

    
    

    <!-- product of origin first part of the rule -->
    




      <div class="salecontainer">
        <span class="sale">			

          <span class="unit_price"><strong><span class="from_price">$44.99</span> <small>ea</small></strong></span><br>
    		  <span class="compare_at_price unit_price"><small>$29.99 per kg</small></span> 
        </span>
      </div>

    </div>


  </div><!-- .coll-prod-caption -->

  
<div class="ajax-add-to-cart-quick custom-form" style="position:absolute; left:0; right:0; bottom:-10px; justify-content:center;">  
  <select name="quantity" class="addToCartSelect">    
    
    	<option value="1">1</option>
    
    	<option value="2">2</option>
    
    	<option value="3">3</option>
    
    	<option value="4">4</option>
    
    	<option value="5">5</option>
    
    	<option value="6">6</option>
    
    	<option value="7">7</option>
    
    	<option value="8">8</option>
    
    	<option value="9">9</option>
    
    	<option value="10">10</option>
    
    	<option value="11">11</option>
    
    	<option value="12">12</option>
    
    	<option value="13">13</option>
    
    	<option value="14">14</option>
    
    	<option value="15">15</option>
    
    	<option value="16">16</option>
    
    	<option value="17">17</option>
    
    	<option value="18">18</option>
    
    	<option value="19">19</option>
    
    	<option value="20">20</option>
    
  </select>&nbsp; 
  <button class="btn addToCartButton" type="button" name="add" data-id="2165813739529" data-weather="" data-wholesale="" data-cap="2999" data-slider="" data-seafood="" data-juice="" data-mealkit="" data-loosesalad="" data-instorebakery="" data-shortdate="" data-hideinstate="-" style="white-space: nowrap; padding: 10px; height: 35px; width: 75px; letter-spacing: 0;">ADD</button>
</div>

<div class="ajax-update-cart custom-form" style="position:absolute; left:0; right:0; bottom:-10px; justify-content:center; display:none;">
  <a href="javascript:;" class="minusitem"><img src="//cdn.shopify.com/s/files/1/0206/9470/t/232/assets/MinusIcon.jpg?v=8086515874301911391" style="width: 30px; height: 35px;"></a>
  <input type="text" pattern="[0-9.]+" class="ajaxquantity addToCartInput" name="quantity" value="" readonly="" style="display:inline-block">
  <div class="lds-ring"><div></div><div></div><div></div><div></div></div>
  <a href="javascript:;" class="plusitem"><img src="//cdn.shopify.com/s/files/1/0206/9470/t/232/assets/PlusIcon.jpg?v=15674260478820120933" style="width: 30px; height: 35px;"></a>&nbsp; 
  <button class="btn addToCartButton" type="button" name="add" data-id="2165813739529" data-weather="" data-wholesale="" data-cap="2999" data-slider="" data-seafood="" data-juice="" data-mealkit="" data-loosesalad="" data-instorebakery="" data-shortdate="" data-hideinstate="-" style="background: #84D1E8; white-space: nowrap; padding: 10px; height: 35px; letter-spacing: 0;" onclick="window.location='/cart'">IN CART</button>
</div>


</div>

<script>        
  var pickingStore = (!$.cookie("picking_store")) ? 73 : $.cookie("picking_store"); 
  var pickingStoreVariant = "s:"+pickingStore;
  
  for (var i = 0; i < partsOfStr.length; i++){
    var variantArray = partsOfStr[i].split(',');
    var showProduct = false;    
    
    if (variantArray[0].trim() == pickingStoreVariant.trim()){
      showProduct = true;
      productOfOrigin = variantArray[1];
      var special =  variantArray[2]; 
      var additional = variantArray[3];       
      var variantId = variantArray[4];
      var price =  variantArray[5];
      var compareAtPrice = variantArray[6];
      var conversionFactor = $("#product-671652573").data("conversion-factor");                               
      var uom = $("#product-671652573").data("uom");
      var hideInState = $("#product-671652573").data("hideinstate");      
      
      if(additional){                
        $("#product-671652573 .additional .sale").html(additional.toUpperCase());
        $("#product-671652573 .additional").show();
      }
      
      $("#product-671652573 .btn").attr('data-id',variantId);      
      $("#product-671652573 .btn").attr('data-cap',compareAtPrice);          
      $("#product-671652573 .caption .salecontainer .sale .from_price").html('$' + (variantArray[5]/100).toFixed(2));         
        
      if(special != "Default"){          
        $("#product-671652573 .caption .unit_price .from_price").addClass("is-special");            
      }
            
      if (!compareAtPrice){
        if (uom != "" && uom ){ 
          $("#product-671652573 .caption .salecontainer .sale .compare_at_price").html('<small>$'+((price*conversionFactor)/100).toFixed(2)+" "+uom+'</small>');
        } 
      }
      else{
        $("#product-671652573 .caption .salecontainer .sale .compare_at_price").html('<small>$' + (variantArray[6]/100).toFixed(2) + ' per kg</small>');              
      }
        
      if((parseInt(variantArray[7])<=0) || (hideInState.indexOf(currState) != -1)){
        $("#product-671652573 .ajax-add-to-cart-quick").html("<p class='error'>Out of Stock</p>");          
        $("#product-671652573 a").css({"pointer-events":"none"});          
        $("#product-671652573").remove();
        console.log(variantId + " removed.");            
      }
      else{
        $("#product-671652573").addClass("in-stock");
        
        var items = $("#headercartvals").attr("data-items").split(";");

        $.each(items, function(index, item) {
          if (item){ 
            var itemId = item.split("-")[0];
            var itemQty = item.split("-")[1];

            if(variantArray[4] === itemId){
              $("#product-671652573").find(".ajax-add-to-cart-quick").hide();
              $("#product-671652573").find(".ajax-update-cart .addToCartInput").val(itemQty);
              $("#product-671652573").find(".ajax-update-cart").show();
              return;                       
            } 
          }
        });                              
      }      
    }
  }                         
  $(".product-item").not(".in-stock").hide();              
</script>

<script>

    var productId =  null;
    var productObj = null;
    
        productId = "#product-671652573";
        productObj = $(productId).find('.product-of-origin');
    

    // product of origin second part of the rule
    if(productOfOrigin == "Default"){
        $(productObj).html("Product of Australia");
    } else if (productOfOrigin == "Packaged in") {
        $(productObj).html("Packed in Australia from Imported Ingredients");
    } else if (productOfOrigin == "Packaged in local") {
        $(productObj).html("Packed in Australia from Imported and Local Ingredients");
    } else if (productOfOrigin == "Made In") {
        $(productObj).html("Made in Australia from Imported Ingredients");
    } else if (productOfOrigin == "Made in local") {
        $(productObj).html("Made in Australia from Imported and Local Ingredients"); 
    } else{
        $(productObj).html("Product of "+ productOfOrigin);
    }

</script> 


        
           








<div class="product-item columns large-2 in-stock" id="product-39377943461947" data-variants="s:1,,,,39377943461947,1019,1199,0;s:73,Australia,,,39377943494715,1019,1199,1;" data-s1="0" data-s73="1" data-sort-tag="" data-shopify-sku="553133" data-uom="" data-conversion-factor="" data-hideinstate="-">
  <script>
    var variants = addslashes("s:1,Default,Default,,39377943461947,1019,1199,0;s:73,Australia,Default,,39377943494715,1019,1199,1;"); 
	var partsOfStr = variants.split(';');
  </script>
  
  <div class="collection-image">
    <div class="additional" style="width: 100%; height: auto; position: absolute; left: 0px; top: 0px; background: rgba(183, 183, 183, 0.37); color: white; padding: 4px; display: none">
      <span class="sale" style="font-size: 14px; color: black;"></span></div>
    <a href="/collections/beef/products/flinders-and-co-bbq-beef-sausages-553133">
      <img class="lazyOwl" data-src="//cdn.shopify.com/s/files/1/0206/9470/products/553133-done_large.jpg?v=1621011343" src="//cdn.shopify.com/s/files/1/0206/9470/products/553133-done_medium.jpg?v=1621011343" alt="Flinders Co Butchers Beef BBQ Sausages | Harris Farm Online" style="height: 100%; width: 100%">
    </a>
  </div>   
  <!-- .coll-image-wrap -->

  <div class="caption">
    
    <div class="box-title">
      
      <p class="title" style="height: 45px; font-size: 12px;">
        <a href="/collections/beef/products/flinders-and-co-bbq-beef-sausages-553133">
          Flinders and Co BBQ Beef Sausages 750-850g 
        </a>
      </p>
      
      <script>
    var productOfOrigin;
</script>

    
    

    <!-- product of origin first part of the rule -->
    

    
    

    <!-- product of origin first part of the rule -->
    

    
    

    <!-- product of origin first part of the rule -->
    

    
    

    <!-- product of origin first part of the rule -->
    

    
    

    <!-- product of origin first part of the rule -->
    

    
    

    <!-- product of origin first part of the rule -->
    




      <div class="salecontainer">
        <span class="sale">			

          <span class="unit_price"><strong><span class="from_price">$10.19</span> <small>ea</small></strong></span><br>
    		  <span class="compare_at_price unit_price"><small>$11.99 per kg</small></span> 
        </span>
      </div>

    </div>


  </div><!-- .coll-prod-caption -->

  
<div class="ajax-add-to-cart-quick custom-form" style="position:absolute; left:0; right:0; bottom:-10px; justify-content:center;">  
  <select name="quantity" class="addToCartSelect">    
    
    	<option value="1">1</option>
    
    	<option value="2">2</option>
    
    	<option value="3">3</option>
    
    	<option value="4">4</option>
    
    	<option value="5">5</option>
    
    	<option value="6">6</option>
    
    	<option value="7">7</option>
    
    	<option value="8">8</option>
    
    	<option value="9">9</option>
    
    	<option value="10">10</option>
    
    	<option value="11">11</option>
    
    	<option value="12">12</option>
    
    	<option value="13">13</option>
    
    	<option value="14">14</option>
    
    	<option value="15">15</option>
    
    	<option value="16">16</option>
    
    	<option value="17">17</option>
    
    	<option value="18">18</option>
    
    	<option value="19">19</option>
    
    	<option value="20">20</option>
    
  </select>&nbsp; 
  <button class="btn addToCartButton" type="button" name="add" data-id="39377943494715" data-weather="" data-wholesale="" data-cap="1199" data-slider="" data-seafood="" data-juice="" data-mealkit="" data-loosesalad="" data-instorebakery="" data-shortdate="" data-hideinstate="-" style="white-space: nowrap; padding: 10px; height: 35px; width: 75px; letter-spacing: 0;">ADD</button>
</div>

<div class="ajax-update-cart custom-form" style="position:absolute; left:0; right:0; bottom:-10px; justify-content:center; display:none;">
  <a href="javascript:;" class="minusitem"><img src="//cdn.shopify.com/s/files/1/0206/9470/t/232/assets/MinusIcon.jpg?v=8086515874301911391" style="width: 30px; height: 35px;"></a>
  <input type="text" pattern="[0-9.]+" class="ajaxquantity addToCartInput" name="quantity" value="" readonly="" style="display:inline-block">
  <div class="lds-ring"><div></div><div></div><div></div><div></div></div>
  <a href="javascript:;" class="plusitem"><img src="//cdn.shopify.com/s/files/1/0206/9470/t/232/assets/PlusIcon.jpg?v=15674260478820120933" style="width: 30px; height: 35px;"></a>&nbsp; 
  <button class="btn addToCartButton" type="button" name="add" data-id="39377943494715" data-weather="" data-wholesale="" data-cap="1199" data-slider="" data-seafood="" data-juice="" data-mealkit="" data-loosesalad="" data-instorebakery="" data-shortdate="" data-hideinstate="-" style="background: #84D1E8; white-space: nowrap; padding: 10px; height: 35px; letter-spacing: 0;" onclick="window.location='/cart'">IN CART</button>
</div>


</div>

<script>        
  var pickingStore = (!$.cookie("picking_store")) ? 73 : $.cookie("picking_store"); 
  var pickingStoreVariant = "s:"+pickingStore;
  
  for (var i = 0; i < partsOfStr.length; i++){
    var variantArray = partsOfStr[i].split(',');
    var showProduct = false;    
    
    if (variantArray[0].trim() == pickingStoreVariant.trim()){
      showProduct = true;
      productOfOrigin = variantArray[1];
      var special =  variantArray[2]; 
      var additional = variantArray[3];       
      var variantId = variantArray[4];
      var price =  variantArray[5];
      var compareAtPrice = variantArray[6];
      var conversionFactor = $("#product-39377943461947").data("conversion-factor");                               
      var uom = $("#product-39377943461947").data("uom");
      var hideInState = $("#product-39377943461947").data("hideinstate");      
      
      if(additional){                
        $("#product-39377943461947 .additional .sale").html(additional.toUpperCase());
        $("#product-39377943461947 .additional").show();
      }
      
      $("#product-39377943461947 .btn").attr('data-id',variantId);      
      $("#product-39377943461947 .btn").attr('data-cap',compareAtPrice);          
      $("#product-39377943461947 .caption .salecontainer .sale .from_price").html('$' + (variantArray[5]/100).toFixed(2));         
        
      if(special != "Default"){          
        $("#product-39377943461947 .caption .unit_price .from_price").addClass("is-special");            
      }
            
      if (!compareAtPrice){
        if (uom != "" && uom ){ 
          $("#product-39377943461947 .caption .salecontainer .sale .compare_at_price").html('<small>$'+((price*conversionFactor)/100).toFixed(2)+" "+uom+'</small>');
        } 
      }
      else{
        $("#product-39377943461947 .caption .salecontainer .sale .compare_at_price").html('<small>$' + (variantArray[6]/100).toFixed(2) + ' per kg</small>');              
      }
        
      if((parseInt(variantArray[7])<=0) || (hideInState.indexOf(currState) != -1)){
        $("#product-39377943461947 .ajax-add-to-cart-quick").html("<p class='error'>Out of Stock</p>");          
        $("#product-39377943461947 a").css({"pointer-events":"none"});          
        $("#product-39377943461947").remove();
        console.log(variantId + " removed.");            
      }
      else{
        $("#product-39377943461947").addClass("in-stock");
        
        var items = $("#headercartvals").attr("data-items").split(";");

        $.each(items, function(index, item) {
          if (item){ 
            var itemId = item.split("-")[0];
            var itemQty = item.split("-")[1];

            if(variantArray[4] === itemId){
              $("#product-39377943461947").find(".ajax-add-to-cart-quick").hide();
              $("#product-39377943461947").find(".ajax-update-cart .addToCartInput").val(itemQty);
              $("#product-39377943461947").find(".ajax-update-cart").show();
              return;                       
            } 
          }
        });                              
      }      
    }
  }                         
  $(".product-item").not(".in-stock").hide();              
</script>

<script>

    var productId =  null;
    var productObj = null;
    
        productId = "#product-39377943461947";
        productObj = $(productId).find('.product-of-origin');
    

    // product of origin second part of the rule
    if(productOfOrigin == "Default"){
        $(productObj).html("Product of Australia");
    } else if (productOfOrigin == "Packaged in") {
        $(productObj).html("Packed in Australia from Imported Ingredients");
    } else if (productOfOrigin == "Packaged in local") {
        $(productObj).html("Packed in Australia from Imported and Local Ingredients");
    } else if (productOfOrigin == "Made In") {
        $(productObj).html("Made in Australia from Imported Ingredients");
    } else if (productOfOrigin == "Made in local") {
        $(productObj).html("Made in Australia from Imported and Local Ingredients"); 
    } else{
        $(productObj).html("Product of "+ productOfOrigin);
    }

</script> 


        
           








<div class="product-item columns large-2 in-stock" id="product-39337370189883" data-variants="s:1,,,,39337370189883,2099,,0;s:73,Australia,,,39337370222651,2099,,4;" data-s1="0" data-s73="4" data-sort-tag="" data-shopify-sku="553171" data-uom="per 100g" data-conversion-factor="0.2" data-hideinstate="-">
  <script>
    var variants = addslashes("s:1,Default,Default,,39337370189883,2099,,0;s:73,Australia,Default,,39337370222651,2099,,4;"); 
	var partsOfStr = variants.split(';');
  </script>
  
  <div class="collection-image">
    <div class="additional" style="width: 100%; height: auto; position: absolute; left: 0px; top: 0px; background: rgba(183, 183, 183, 0.37); color: white; padding: 4px; display: none">
      <span class="sale" style="font-size: 14px; color: black;"></span></div>
    <a href="/collections/beef/products/flinders-and-co-beef-cheeks-with-red-wine-jus-553171">
      <img class="lazyOwl" data-src="//cdn.shopify.com/s/files/1/0206/9470/products/553171-done_large.jpg?v=1619139199" src="//cdn.shopify.com/s/files/1/0206/9470/products/553171-done_medium.jpg?v=1619139199" alt="Flinders And Co Braised Grass Fed Beef Cheeks with Red Wine Jus | Harris Farm Online" style="height: 100%; width: 100%">
    </a>
  </div>   
  <!-- .coll-image-wrap -->

  <div class="caption">
    
    <div class="box-title">
      
      <p class="title" style="height: 45px; font-size: 12px;">
        <a href="/collections/beef/products/flinders-and-co-beef-cheeks-with-red-wine-jus-553171">
          Flinders And Co Beef Cheeks with Red Wine Jus 500g 
        </a>
      </p>
      
      <script>
    var productOfOrigin;
</script>

    
    

    <!-- product of origin first part of the rule -->
    

    
    

    <!-- product of origin first part of the rule -->
    

    
    

    <!-- product of origin first part of the rule -->
    

    
    

    <!-- product of origin first part of the rule -->
    

    
    

    <!-- product of origin first part of the rule -->
    




      <div class="salecontainer">
        <span class="sale">			

          <span class="unit_price"><strong><span class="from_price">$20.99</span> <small>ea</small></strong></span><br>
    		  <span class="compare_at_price unit_price"><small>$4.20 per 100g</small></span> 
        </span>
      </div>

    </div>


  </div><!-- .coll-prod-caption -->

  
<div class="ajax-add-to-cart-quick custom-form" style="position:absolute; left:0; right:0; bottom:-10px; justify-content:center;">  
  <select name="quantity" class="addToCartSelect">    
    
    	<option value="1">1</option>
    
    	<option value="2">2</option>
    
    	<option value="3">3</option>
    
    	<option value="4">4</option>
    
    	<option value="5">5</option>
    
    	<option value="6">6</option>
    
    	<option value="7">7</option>
    
    	<option value="8">8</option>
    
    	<option value="9">9</option>
    
    	<option value="10">10</option>
    
    	<option value="11">11</option>
    
    	<option value="12">12</option>
    
    	<option value="13">13</option>
    
    	<option value="14">14</option>
    
    	<option value="15">15</option>
    
    	<option value="16">16</option>
    
    	<option value="17">17</option>
    
    	<option value="18">18</option>
    
    	<option value="19">19</option>
    
    	<option value="20">20</option>
    
  </select>&nbsp; 
  <button class="btn addToCartButton" type="button" name="add" data-id="39337370222651" data-weather="" data-wholesale="" data-cap="" data-slider="" data-seafood="" data-juice="" data-mealkit="" data-loosesalad="" data-instorebakery="" data-shortdate="" data-hideinstate="-" style="white-space: nowrap; padding: 10px; height: 35px; width: 75px; letter-spacing: 0;">ADD</button>
</div>

<div class="ajax-update-cart custom-form" style="position:absolute; left:0; right:0; bottom:-10px; justify-content:center; display:none;">
  <a href="javascript:;" class="minusitem"><img src="//cdn.shopify.com/s/files/1/0206/9470/t/232/assets/MinusIcon.jpg?v=8086515874301911391" style="width: 30px; height: 35px;"></a>
  <input type="text" pattern="[0-9.]+" class="ajaxquantity addToCartInput" name="quantity" value="" readonly="" style="display:inline-block">
  <div class="lds-ring"><div></div><div></div><div></div><div></div></div>
  <a href="javascript:;" class="plusitem"><img src="//cdn.shopify.com/s/files/1/0206/9470/t/232/assets/PlusIcon.jpg?v=15674260478820120933" style="width: 30px; height: 35px;"></a>&nbsp; 
  <button class="btn addToCartButton" type="button" name="add" data-id="39337370222651" data-weather="" data-wholesale="" data-cap="" data-slider="" data-seafood="" data-juice="" data-mealkit="" data-loosesalad="" data-instorebakery="" data-shortdate="" data-hideinstate="-" style="background: #84D1E8; white-space: nowrap; padding: 10px; height: 35px; letter-spacing: 0;" onclick="window.location='/cart'">IN CART</button>
</div>


</div>

<script>        
  var pickingStore = (!$.cookie("picking_store")) ? 73 : $.cookie("picking_store"); 
  var pickingStoreVariant = "s:"+pickingStore;
  
  for (var i = 0; i < partsOfStr.length; i++){
    var variantArray = partsOfStr[i].split(',');
    var showProduct = false;    
    
    if (variantArray[0].trim() == pickingStoreVariant.trim()){
      showProduct = true;
      productOfOrigin = variantArray[1];
      var special =  variantArray[2]; 
      var additional = variantArray[3];       
      var variantId = variantArray[4];
      var price =  variantArray[5];
      var compareAtPrice = variantArray[6];
      var conversionFactor = $("#product-39337370189883").data("conversion-factor");                               
      var uom = $("#product-39337370189883").data("uom");
      var hideInState = $("#product-39337370189883").data("hideinstate");      
      
      if(additional){                
        $("#product-39337370189883 .additional .sale").html(additional.toUpperCase());
        $("#product-39337370189883 .additional").show();
      }
      
      $("#product-39337370189883 .btn").attr('data-id',variantId);      
      $("#product-39337370189883 .btn").attr('data-cap',compareAtPrice);          
      $("#product-39337370189883 .caption .salecontainer .sale .from_price").html('$' + (variantArray[5]/100).toFixed(2));         
        
      if(special != "Default"){          
        $("#product-39337370189883 .caption .unit_price .from_price").addClass("is-special");            
      }
            
      if (!compareAtPrice){
        if (uom != "" && uom ){ 
          $("#product-39337370189883 .caption .salecontainer .sale .compare_at_price").html('<small>$'+((price*conversionFactor)/100).toFixed(2)+" "+uom+'</small>');
        } 
      }
      else{
        $("#product-39337370189883 .caption .salecontainer .sale .compare_at_price").html('<small>$' + (variantArray[6]/100).toFixed(2) + ' per kg</small>');              
      }
        
      if((parseInt(variantArray[7])<=0) || (hideInState.indexOf(currState) != -1)){
        $("#product-39337370189883 .ajax-add-to-cart-quick").html("<p class='error'>Out of Stock</p>");          
        $("#product-39337370189883 a").css({"pointer-events":"none"});          
        $("#product-39337370189883").remove();
        console.log(variantId + " removed.");            
      }
      else{
        $("#product-39337370189883").addClass("in-stock");
        
        var items = $("#headercartvals").attr("data-items").split(";");

        $.each(items, function(index, item) {
          if (item){ 
            var itemId = item.split("-")[0];
            var itemQty = item.split("-")[1];

            if(variantArray[4] === itemId){
              $("#product-39337370189883").find(".ajax-add-to-cart-quick").hide();
              $("#product-39337370189883").find(".ajax-update-cart .addToCartInput").val(itemQty);
              $("#product-39337370189883").find(".ajax-update-cart").show();
              return;                       
            } 
          }
        });                              
      }      
    }
  }                         
  $(".product-item").not(".in-stock").hide();              
</script>

<script>

    var productId =  null;
    var productObj = null;
    
        productId = "#product-39337370189883";
        productObj = $(productId).find('.product-of-origin');
    

    // product of origin second part of the rule
    if(productOfOrigin == "Default"){
        $(productObj).html("Product of Australia");
    } else if (productOfOrigin == "Packaged in") {
        $(productObj).html("Packed in Australia from Imported Ingredients");
    } else if (productOfOrigin == "Packaged in local") {
        $(productObj).html("Packed in Australia from Imported and Local Ingredients");
    } else if (productOfOrigin == "Made In") {
        $(productObj).html("Made in Australia from Imported Ingredients");
    } else if (productOfOrigin == "Made in local") {
        $(productObj).html("Made in Australia from Imported and Local Ingredients"); 
    } else{
        $(productObj).html("Product of "+ productOfOrigin);
    }

</script> 


        
           








<div class="product-item columns large-2 in-stock" id="product-39377938612283" data-variants="s:1,,,,39377938612283,1920,5999,0;s:73,Australia,,,39377938645051,1920,5999,5;" data-s1="0" data-s73="5" data-sort-tag="" data-shopify-sku="553125" data-uom="per kg" data-conversion-factor="3.125" data-hideinstate="-">
  <script>
    var variants = addslashes("s:1,Default,Default,,39377938612283,1920,5999,0;s:73,Australia,Default,,39377938645051,1920,5999,5;"); 
	var partsOfStr = variants.split(';');
  </script>
  
  <div class="collection-image">
    <div class="additional" style="width: 100%; height: auto; position: absolute; left: 0px; top: 0px; background: rgba(183, 183, 183, 0.37); color: white; padding: 4px; display: none">
      <span class="sale" style="font-size: 14px; color: black;"></span></div>
    <a href="/collections/beef/products/flinders-and-co-carbon-neutral-beef-scotch-fillet-steak-553125">
      <img class="lazyOwl" data-src="//cdn.shopify.com/s/files/1/0206/9470/products/553125-done_large.jpg?v=1621007013" src="//cdn.shopify.com/s/files/1/0206/9470/products/553125-done_medium.jpg?v=1621007013" alt="Flinders and Co Carbon Neutral Beef Scotch Fillet Steak | Harris Farm Online" style="height: 100%; width: 100%">
    </a>
  </div>   
  <!-- .coll-image-wrap -->

  <div class="caption">
    
    <div class="box-title">
      
      <p class="title" style="height: 52px; font-size: 12px;">
        <a href="/collections/beef/products/flinders-and-co-carbon-neutral-beef-scotch-fillet-steak-553125">
          Flinders and Co Carbon Neutral Beef Scotch Fillet Steak 220-320g 
        </a>
      </p>
      
      <script>
    var productOfOrigin;
</script>

    
    

    <!-- product of origin first part of the rule -->
    

    
    

    <!-- product of origin first part of the rule -->
    

    
    

    <!-- product of origin first part of the rule -->
    

    
    

    <!-- product of origin first part of the rule -->
    

    
    

    <!-- product of origin first part of the rule -->
    

    
    

    <!-- product of origin first part of the rule -->
    

    
    

    <!-- product of origin first part of the rule -->
    

    
    

    <!-- product of origin first part of the rule -->
    




      <div class="salecontainer">
        <span class="sale">			

          <span class="unit_price"><strong><span class="from_price">$19.20</span> <small>ea</small></strong></span><br>
    		  <span class="compare_at_price unit_price"><small>$59.99 per kg</small></span> 
        </span>
      </div>

    </div>


  </div><!-- .coll-prod-caption -->

  
<div class="ajax-add-to-cart-quick custom-form" style="position:absolute; left:0; right:0; bottom:-10px; justify-content:center;">  
  <select name="quantity" class="addToCartSelect">    
    
    	<option value="1">1</option>
    
    	<option value="2">2</option>
    
    	<option value="3">3</option>
    
    	<option value="4">4</option>
    
    	<option value="5">5</option>
    
    	<option value="6">6</option>
    
    	<option value="7">7</option>
    
    	<option value="8">8</option>
    
    	<option value="9">9</option>
    
    	<option value="10">10</option>
    
    	<option value="11">11</option>
    
    	<option value="12">12</option>
    
    	<option value="13">13</option>
    
    	<option value="14">14</option>
    
    	<option value="15">15</option>
    
    	<option value="16">16</option>
    
    	<option value="17">17</option>
    
    	<option value="18">18</option>
    
    	<option value="19">19</option>
    
    	<option value="20">20</option>
    
  </select>&nbsp; 
  <button class="btn addToCartButton" type="button" name="add" data-id="39377938645051" data-weather="" data-wholesale="" data-cap="5999" data-slider="" data-seafood="" data-juice="" data-mealkit="" data-loosesalad="" data-instorebakery="" data-shortdate="" data-hideinstate="-" style="white-space: nowrap; padding: 10px; height: 35px; width: 75px; letter-spacing: 0;">ADD</button>
</div>

<div class="ajax-update-cart custom-form" style="position:absolute; left:0; right:0; bottom:-10px; justify-content:center; display:none;">
  <a href="javascript:;" class="minusitem"><img src="//cdn.shopify.com/s/files/1/0206/9470/t/232/assets/MinusIcon.jpg?v=8086515874301911391" style="width: 30px; height: 35px;"></a>
  <input type="text" pattern="[0-9.]+" class="ajaxquantity addToCartInput" name="quantity" value="" readonly="" style="display:inline-block">
  <div class="lds-ring"><div></div><div></div><div></div><div></div></div>
  <a href="javascript:;" class="plusitem"><img src="//cdn.shopify.com/s/files/1/0206/9470/t/232/assets/PlusIcon.jpg?v=15674260478820120933" style="width: 30px; height: 35px;"></a>&nbsp; 
  <button class="btn addToCartButton" type="button" name="add" data-id="39377938645051" data-weather="" data-wholesale="" data-cap="5999" data-slider="" data-seafood="" data-juice="" data-mealkit="" data-loosesalad="" data-instorebakery="" data-shortdate="" data-hideinstate="-" style="background: #84D1E8; white-space: nowrap; padding: 10px; height: 35px; letter-spacing: 0;" onclick="window.location='/cart'">IN CART</button>
</div>


</div>

<script>        
  var pickingStore = (!$.cookie("picking_store")) ? 73 : $.cookie("picking_store"); 
  var pickingStoreVariant = "s:"+pickingStore;
  
  for (var i = 0; i < partsOfStr.length; i++){
    var variantArray = partsOfStr[i].split(',');
    var showProduct = false;    
    
    if (variantArray[0].trim() == pickingStoreVariant.trim()){
      showProduct = true;
      productOfOrigin = variantArray[1];
      var special =  variantArray[2]; 
      var additional = variantArray[3];       
      var variantId = variantArray[4];
      var price =  variantArray[5];
      var compareAtPrice = variantArray[6];
      var conversionFactor = $("#product-39377938612283").data("conversion-factor");                               
      var uom = $("#product-39377938612283").data("uom");
      var hideInState = $("#product-39377938612283").data("hideinstate");      
      
      if(additional){                
        $("#product-39377938612283 .additional .sale").html(additional.toUpperCase());
        $("#product-39377938612283 .additional").show();
      }
      
      $("#product-39377938612283 .btn").attr('data-id',variantId);      
      $("#product-39377938612283 .btn").attr('data-cap',compareAtPrice);          
      $("#product-39377938612283 .caption .salecontainer .sale .from_price").html('$' + (variantArray[5]/100).toFixed(2));         
        
      if(special != "Default"){          
        $("#product-39377938612283 .caption .unit_price .from_price").addClass("is-special");            
      }
            
      if (!compareAtPrice){
        if (uom != "" && uom ){ 
          $("#product-39377938612283 .caption .salecontainer .sale .compare_at_price").html('<small>$'+((price*conversionFactor)/100).toFixed(2)+" "+uom+'</small>');
        } 
      }
      else{
        $("#product-39377938612283 .caption .salecontainer .sale .compare_at_price").html('<small>$' + (variantArray[6]/100).toFixed(2) + ' per kg</small>');              
      }
        
      if((parseInt(variantArray[7])<=0) || (hideInState.indexOf(currState) != -1)){
        $("#product-39377938612283 .ajax-add-to-cart-quick").html("<p class='error'>Out of Stock</p>");          
        $("#product-39377938612283 a").css({"pointer-events":"none"});          
        $("#product-39377938612283").remove();
        console.log(variantId + " removed.");            
      }
      else{
        $("#product-39377938612283").addClass("in-stock");
        
        var items = $("#headercartvals").attr("data-items").split(";");

        $.each(items, function(index, item) {
          if (item){ 
            var itemId = item.split("-")[0];
            var itemQty = item.split("-")[1];

            if(variantArray[4] === itemId){
              $("#product-39377938612283").find(".ajax-add-to-cart-quick").hide();
              $("#product-39377938612283").find(".ajax-update-cart .addToCartInput").val(itemQty);
              $("#product-39377938612283").find(".ajax-update-cart").show();
              return;                       
            } 
          }
        });                              
      }      
    }
  }                         
  $(".product-item").not(".in-stock").hide();              
</script>

<script>

    var productId =  null;
    var productObj = null;
    
        productId = "#product-39377938612283";
        productObj = $(productId).find('.product-of-origin');
    

    // product of origin second part of the rule
    if(productOfOrigin == "Default"){
        $(productObj).html("Product of Australia");
    } else if (productOfOrigin == "Packaged in") {
        $(productObj).html("Packed in Australia from Imported Ingredients");
    } else if (productOfOrigin == "Packaged in local") {
        $(productObj).html("Packed in Australia from Imported and Local Ingredients");
    } else if (productOfOrigin == "Made In") {
        $(productObj).html("Made in Australia from Imported Ingredients");
    } else if (productOfOrigin == "Made in local") {
        $(productObj).html("Made in Australia from Imported and Local Ingredients"); 
    } else{
        $(productObj).html("Product of "+ productOfOrigin);
    }

</script> 


        
           








<div class="product-item columns large-2 in-stock" id="product-33518098415675" data-variants="s:1,,,,33518098415675,1575,4499,0;s:73,Australia,,,33518098481211,1575,4499,6;" data-s1="0" data-s73="6" data-sort-tag="" data-shopify-sku="553123" data-uom="per kg" data-conversion-factor="2.85714285714285714" data-hideinstate="-">
  <script>
    var variants = addslashes("s:1,Default,Default,,33518098415675,1575,4499,0;s:73,Australia,Default,,33518098481211,1575,4499,6;"); 
	var partsOfStr = variants.split(';');
  </script>
  
  <div class="collection-image">
    <div class="additional" style="width: 100%; height: auto; position: absolute; left: 0px; top: 0px; background: rgba(183, 183, 183, 0.37); color: white; padding: 4px; display: none">
      <span class="sale" style="font-size: 14px; color: black;"></span></div>
    <a href="/collections/beef/products/flinders-and-co-carbon-neutral-beef-sirloin-steak-553123">
      <img class="lazyOwl" data-src="//cdn.shopify.com/s/files/1/0206/9470/products/553123-done_large.jpg?v=1621006864" src="//cdn.shopify.com/s/files/1/0206/9470/products/553123-done_medium.jpg?v=1621006864" alt="Flinders and Co Carbon Neutral Beef Sirloin Steak | Harris Farm Online" style="height: 100%; width: 100%">
    </a>
  </div>   
  <!-- .coll-image-wrap -->

  <div class="caption">
    
    <div class="box-title">
      
      <p class="title" style="height: 52px; font-size: 12px;">
        <a href="/collections/beef/products/flinders-and-co-carbon-neutral-beef-sirloin-steak-553123">
          Flinders and Co Carbon Neutral Beef Sirloin Steak 250-350g 
        </a>
      </p>
      
      <script>
    var productOfOrigin;
</script>

    
    

    <!-- product of origin first part of the rule -->
    

    
    

    <!-- product of origin first part of the rule -->
    

    
    

    <!-- product of origin first part of the rule -->
    

    
    

    <!-- product of origin first part of the rule -->
    

    
    

    <!-- product of origin first part of the rule -->
    

    
    

    <!-- product of origin first part of the rule -->
    

    
    

    <!-- product of origin first part of the rule -->
    

    
    

    <!-- product of origin first part of the rule -->
    




      <div class="salecontainer">
        <span class="sale">			

          <span class="unit_price"><strong><span class="from_price">$15.75</span> <small>ea</small></strong></span><br>
    		  <span class="compare_at_price unit_price"><small>$44.99 per kg</small></span> 
        </span>
      </div>

    </div>


  </div><!-- .coll-prod-caption -->

  
<div class="ajax-add-to-cart-quick custom-form" style="position:absolute; left:0; right:0; bottom:-10px; justify-content:center;">  
  <select name="quantity" class="addToCartSelect">    
    
    	<option value="1">1</option>
    
    	<option value="2">2</option>
    
    	<option value="3">3</option>
    
    	<option value="4">4</option>
    
    	<option value="5">5</option>
    
    	<option value="6">6</option>
    
    	<option value="7">7</option>
    
    	<option value="8">8</option>
    
    	<option value="9">9</option>
    
    	<option value="10">10</option>
    
    	<option value="11">11</option>
    
    	<option value="12">12</option>
    
    	<option value="13">13</option>
    
    	<option value="14">14</option>
    
    	<option value="15">15</option>
    
    	<option value="16">16</option>
    
    	<option value="17">17</option>
    
    	<option value="18">18</option>
    
    	<option value="19">19</option>
    
    	<option value="20">20</option>
    
  </select>&nbsp; 
  <button class="btn addToCartButton" type="button" name="add" data-id="33518098481211" data-weather="" data-wholesale="" data-cap="4499" data-slider="" data-seafood="" data-juice="" data-mealkit="" data-loosesalad="" data-instorebakery="" data-shortdate="" data-hideinstate="-" style="white-space: nowrap; padding: 10px; height: 35px; width: 75px; letter-spacing: 0;">ADD</button>
</div>

<div class="ajax-update-cart custom-form" style="position:absolute; left:0; right:0; bottom:-10px; justify-content:center; display:none;">
  <a href="javascript:;" class="minusitem"><img src="//cdn.shopify.com/s/files/1/0206/9470/t/232/assets/MinusIcon.jpg?v=8086515874301911391" style="width: 30px; height: 35px;"></a>
  <input type="text" pattern="[0-9.]+" class="ajaxquantity addToCartInput" name="quantity" value="" readonly="" style="display:inline-block">
  <div class="lds-ring"><div></div><div></div><div></div><div></div></div>
  <a href="javascript:;" class="plusitem"><img src="//cdn.shopify.com/s/files/1/0206/9470/t/232/assets/PlusIcon.jpg?v=15674260478820120933" style="width: 30px; height: 35px;"></a>&nbsp; 
  <button class="btn addToCartButton" type="button" name="add" data-id="33518098481211" data-weather="" data-wholesale="" data-cap="4499" data-slider="" data-seafood="" data-juice="" data-mealkit="" data-loosesalad="" data-instorebakery="" data-shortdate="" data-hideinstate="-" style="background: #84D1E8; white-space: nowrap; padding: 10px; height: 35px; letter-spacing: 0;" onclick="window.location='/cart'">IN CART</button>
</div>


</div>

<script>        
  var pickingStore = (!$.cookie("picking_store")) ? 73 : $.cookie("picking_store"); 
  var pickingStoreVariant = "s:"+pickingStore;
  
  for (var i = 0; i < partsOfStr.length; i++){
    var variantArray = partsOfStr[i].split(',');
    var showProduct = false;    
    
    if (variantArray[0].trim() == pickingStoreVariant.trim()){
      showProduct = true;
      productOfOrigin = variantArray[1];
      var special =  variantArray[2]; 
      var additional = variantArray[3];       
      var variantId = variantArray[4];
      var price =  variantArray[5];
      var compareAtPrice = variantArray[6];
      var conversionFactor = $("#product-33518098415675").data("conversion-factor");                               
      var uom = $("#product-33518098415675").data("uom");
      var hideInState = $("#product-33518098415675").data("hideinstate");      
      
      if(additional){                
        $("#product-33518098415675 .additional .sale").html(additional.toUpperCase());
        $("#product-33518098415675 .additional").show();
      }
      
      $("#product-33518098415675 .btn").attr('data-id',variantId);      
      $("#product-33518098415675 .btn").attr('data-cap',compareAtPrice);          
      $("#product-33518098415675 .caption .salecontainer .sale .from_price").html('$' + (variantArray[5]/100).toFixed(2));         
        
      if(special != "Default"){          
        $("#product-33518098415675 .caption .unit_price .from_price").addClass("is-special");            
      }
            
      if (!compareAtPrice){
        if (uom != "" && uom ){ 
          $("#product-33518098415675 .caption .salecontainer .sale .compare_at_price").html('<small>$'+((price*conversionFactor)/100).toFixed(2)+" "+uom+'</small>');
        } 
      }
      else{
        $("#product-33518098415675 .caption .salecontainer .sale .compare_at_price").html('<small>$' + (variantArray[6]/100).toFixed(2) + ' per kg</small>');              
      }
        
      if((parseInt(variantArray[7])<=0) || (hideInState.indexOf(currState) != -1)){
        $("#product-33518098415675 .ajax-add-to-cart-quick").html("<p class='error'>Out of Stock</p>");          
        $("#product-33518098415675 a").css({"pointer-events":"none"});          
        $("#product-33518098415675").remove();
        console.log(variantId + " removed.");            
      }
      else{
        $("#product-33518098415675").addClass("in-stock");
        
        var items = $("#headercartvals").attr("data-items").split(";");

        $.each(items, function(index, item) {
          if (item){ 
            var itemId = item.split("-")[0];
            var itemQty = item.split("-")[1];

            if(variantArray[4] === itemId){
              $("#product-33518098415675").find(".ajax-add-to-cart-quick").hide();
              $("#product-33518098415675").find(".ajax-update-cart .addToCartInput").val(itemQty);
              $("#product-33518098415675").find(".ajax-update-cart").show();
              return;                       
            } 
          }
        });                              
      }      
    }
  }                         
  $(".product-item").not(".in-stock").hide();              
</script>

<script>

    var productId =  null;
    var productObj = null;
    
        productId = "#product-33518098415675";
        productObj = $(productId).find('.product-of-origin');
    

    // product of origin second part of the rule
    if(productOfOrigin == "Default"){
        $(productObj).html("Product of Australia");
    } else if (productOfOrigin == "Packaged in") {
        $(productObj).html("Packed in Australia from Imported Ingredients");
    } else if (productOfOrigin == "Packaged in local") {
        $(productObj).html("Packed in Australia from Imported and Local Ingredients");
    } else if (productOfOrigin == "Made In") {
        $(productObj).html("Made in Australia from Imported Ingredients");
    } else if (productOfOrigin == "Made in local") {
        $(productObj).html("Made in Australia from Imported and Local Ingredients"); 
    } else{
        $(productObj).html("Product of "+ productOfOrigin);
    }

</script> 


        
           








<div class="product-item columns large-2 in-stock" id="product-21239636492347" data-variants="s:1,,,,21239636492347,2999,,0;s:73,Australia,,,21239636525115,2999,,3;" data-s1="0" data-s73="3" data-sort-tag="" data-shopify-sku="553121" data-uom="per kg" data-conversion-factor="0.833333333333333333" data-hideinstate="-">
  <script>
    var variants = addslashes("s:1,Default,Default,,21239636492347,2999,,0;s:73,Australia,Default,,21239636525115,2999,,3;"); 
	var partsOfStr = variants.split(';');
  </script>
  
  <div class="collection-image">
    <div class="additional" style="width: 100%; height: auto; position: absolute; left: 0px; top: 0px; background: rgba(183, 183, 183, 0.37); color: white; padding: 4px; display: none">
      <span class="sale" style="font-size: 14px; color: black;"></span></div>
    <a href="/collections/beef/products/flinders-and-co-roast-ready-beef-sirloin-553121">
      <img class="lazyOwl" data-src="//cdn.shopify.com/s/files/1/0206/9470/products/553121-done_large.jpg?v=1621005209" src="//cdn.shopify.com/s/files/1/0206/9470/products/553121-done_medium.jpg?v=1621005209" alt="Flinders and Co Roast Ready Beef Sirloin | Harris Farm Online" style="height: 100%; width: 100%">
    </a>
  </div>   
  <!-- .coll-image-wrap -->

  <div class="caption">
    
    <div class="box-title">
      
      <p class="title" style="height: 45px; font-size: 12px;">
        <a href="/collections/beef/products/flinders-and-co-roast-ready-beef-sirloin-553121">
          Flinders and Co Roast Ready Beef Sirloin 900g-1.2kg 
        </a>
      </p>
      
      <script>
    var productOfOrigin;
</script>

    
    

    <!-- product of origin first part of the rule -->
    

    
    

    <!-- product of origin first part of the rule -->
    

    
    

    <!-- product of origin first part of the rule -->
    

    
    

    <!-- product of origin first part of the rule -->
    

    
    

    <!-- product of origin first part of the rule -->
    




      <div class="salecontainer">
        <span class="sale">			

          <span class="unit_price"><strong><span class="from_price">$29.99</span> <small>ea</small></strong></span><br>
    		  <span class="compare_at_price unit_price"><small>$24.99 per kg</small></span> 
        </span>
      </div>

    </div>


  </div><!-- .coll-prod-caption -->

  
<div class="ajax-add-to-cart-quick custom-form" style="position:absolute; left:0; right:0; bottom:-10px; justify-content:center;">  
  <select name="quantity" class="addToCartSelect">    
    
    	<option value="1">1</option>
    
    	<option value="2">2</option>
    
    	<option value="3">3</option>
    
    	<option value="4">4</option>
    
    	<option value="5">5</option>
    
    	<option value="6">6</option>
    
    	<option value="7">7</option>
    
    	<option value="8">8</option>
    
    	<option value="9">9</option>
    
    	<option value="10">10</option>
    
    	<option value="11">11</option>
    
    	<option value="12">12</option>
    
    	<option value="13">13</option>
    
    	<option value="14">14</option>
    
    	<option value="15">15</option>
    
    	<option value="16">16</option>
    
    	<option value="17">17</option>
    
    	<option value="18">18</option>
    
    	<option value="19">19</option>
    
    	<option value="20">20</option>
    
  </select>&nbsp; 
  <button class="btn addToCartButton" type="button" name="add" data-id="21239636525115" data-weather="" data-wholesale="" data-cap="" data-slider="" data-seafood="" data-juice="" data-mealkit="" data-loosesalad="" data-instorebakery="" data-shortdate="" data-hideinstate="-" style="white-space: nowrap; padding: 10px; height: 35px; width: 75px; letter-spacing: 0;">ADD</button>
</div>

<div class="ajax-update-cart custom-form" style="position:absolute; left:0; right:0; bottom:-10px; justify-content:center; display:none;">
  <a href="javascript:;" class="minusitem"><img src="//cdn.shopify.com/s/files/1/0206/9470/t/232/assets/MinusIcon.jpg?v=8086515874301911391" style="width: 30px; height: 35px;"></a>
  <input type="text" pattern="[0-9.]+" class="ajaxquantity addToCartInput" name="quantity" value="" readonly="" style="display:inline-block">
  <div class="lds-ring"><div></div><div></div><div></div><div></div></div>
  <a href="javascript:;" class="plusitem"><img src="//cdn.shopify.com/s/files/1/0206/9470/t/232/assets/PlusIcon.jpg?v=15674260478820120933" style="width: 30px; height: 35px;"></a>&nbsp; 
  <button class="btn addToCartButton" type="button" name="add" data-id="21239636525115" data-weather="" data-wholesale="" data-cap="" data-slider="" data-seafood="" data-juice="" data-mealkit="" data-loosesalad="" data-instorebakery="" data-shortdate="" data-hideinstate="-" style="background: #84D1E8; white-space: nowrap; padding: 10px; height: 35px; letter-spacing: 0;" onclick="window.location='/cart'">IN CART</button>
</div>


</div>

<script>        
  var pickingStore = (!$.cookie("picking_store")) ? 73 : $.cookie("picking_store"); 
  var pickingStoreVariant = "s:"+pickingStore;
  
  for (var i = 0; i < partsOfStr.length; i++){
    var variantArray = partsOfStr[i].split(',');
    var showProduct = false;    
    
    if (variantArray[0].trim() == pickingStoreVariant.trim()){
      showProduct = true;
      productOfOrigin = variantArray[1];
      var special =  variantArray[2]; 
      var additional = variantArray[3];       
      var variantId = variantArray[4];
      var price =  variantArray[5];
      var compareAtPrice = variantArray[6];
      var conversionFactor = $("#product-21239636492347").data("conversion-factor");                               
      var uom = $("#product-21239636492347").data("uom");
      var hideInState = $("#product-21239636492347").data("hideinstate");      
      
      if(additional){                
        $("#product-21239636492347 .additional .sale").html(additional.toUpperCase());
        $("#product-21239636492347 .additional").show();
      }
      
      $("#product-21239636492347 .btn").attr('data-id',variantId);      
      $("#product-21239636492347 .btn").attr('data-cap',compareAtPrice);          
      $("#product-21239636492347 .caption .salecontainer .sale .from_price").html('$' + (variantArray[5]/100).toFixed(2));         
        
      if(special != "Default"){          
        $("#product-21239636492347 .caption .unit_price .from_price").addClass("is-special");            
      }
            
      if (!compareAtPrice){
        if (uom != "" && uom ){ 
          $("#product-21239636492347 .caption .salecontainer .sale .compare_at_price").html('<small>$'+((price*conversionFactor)/100).toFixed(2)+" "+uom+'</small>');
        } 
      }
      else{
        $("#product-21239636492347 .caption .salecontainer .sale .compare_at_price").html('<small>$' + (variantArray[6]/100).toFixed(2) + ' per kg</small>');              
      }
        
      if((parseInt(variantArray[7])<=0) || (hideInState.indexOf(currState) != -1)){
        $("#product-21239636492347 .ajax-add-to-cart-quick").html("<p class='error'>Out of Stock</p>");          
        $("#product-21239636492347 a").css({"pointer-events":"none"});          
        $("#product-21239636492347").remove();
        console.log(variantId + " removed.");            
      }
      else{
        $("#product-21239636492347").addClass("in-stock");
        
        var items = $("#headercartvals").attr("data-items").split(";");

        $.each(items, function(index, item) {
          if (item){ 
            var itemId = item.split("-")[0];
            var itemQty = item.split("-")[1];

            if(variantArray[4] === itemId){
              $("#product-21239636492347").find(".ajax-add-to-cart-quick").hide();
              $("#product-21239636492347").find(".ajax-update-cart .addToCartInput").val(itemQty);
              $("#product-21239636492347").find(".ajax-update-cart").show();
              return;                       
            } 
          }
        });                              
      }      
    }
  }                         
  $(".product-item").not(".in-stock").hide();              
</script>

<script>

    var productId =  null;
    var productObj = null;
    
        productId = "#product-21239636492347";
        productObj = $(productId).find('.product-of-origin');
    

    // product of origin second part of the rule
    if(productOfOrigin == "Default"){
        $(productObj).html("Product of Australia");
    } else if (productOfOrigin == "Packaged in") {
        $(productObj).html("Packed in Australia from Imported Ingredients");
    } else if (productOfOrigin == "Packaged in local") {
        $(productObj).html("Packed in Australia from Imported and Local Ingredients");
    } else if (productOfOrigin == "Made In") {
        $(productObj).html("Made in Australia from Imported Ingredients");
    } else if (productOfOrigin == "Made in local") {
        $(productObj).html("Made in Australia from Imported and Local Ingredients"); 
    } else{
        $(productObj).html("Product of "+ productOfOrigin);
    }

</script> 


        
           








<div class="product-item columns large-2 in-stock" id="product-39337351479355" data-variants="s:1,,,,39337351479355,2099,,0;s:73,Australia,,,39337351512123,2099,,6;" data-s1="0" data-s73="6" data-sort-tag="" data-shopify-sku="553170" data-uom="per 100g" data-conversion-factor="0.210526315789473684" data-hideinstate="-">
  <script>
    var variants = addslashes("s:1,Default,Default,,39337351479355,2099,,0;s:73,Australia,Default,,39337351512123,2099,,6;"); 
	var partsOfStr = variants.split(';');
  </script>
  
  <div class="collection-image">
    <div class="additional" style="width: 100%; height: auto; position: absolute; left: 0px; top: 0px; background: rgba(183, 183, 183, 0.37); color: white; padding: 4px; display: none">
      <span class="sale" style="font-size: 14px; color: black;"></span></div>
    <a href="/collections/beef/products/flinders-and-co-wagyu-beef-with-bbq-glaze-553170">
      <img class="lazyOwl" data-src="//cdn.shopify.com/s/files/1/0206/9470/products/553170-done_large.jpg?v=1619138615" src="//cdn.shopify.com/s/files/1/0206/9470/products/553170-done_medium.jpg?v=1619138615" alt="Flinders and Co Slow Roasted Wagyu Beef with BBQ Glaze | Harris Farm Online" style="height: 100%; width: 100%">
    </a>
  </div>   
  <!-- .coll-image-wrap -->

  <div class="caption">
    
    <div class="box-title">
      
      <p class="title" style="height: 45px; font-size: 12px;">
        <a href="/collections/beef/products/flinders-and-co-wagyu-beef-with-bbq-glaze-553170">
          Flinders and Co Wagyu Beef with BBQ Glaze 475g 
        </a>
      </p>
      
      <script>
    var productOfOrigin;
</script>

    
    

    <!-- product of origin first part of the rule -->
    

    
    

    <!-- product of origin first part of the rule -->
    

    
    

    <!-- product of origin first part of the rule -->
    

    
    

    <!-- product of origin first part of the rule -->
    

    
    

    <!-- product of origin first part of the rule -->
    

    
    

    <!-- product of origin first part of the rule -->
    




      <div class="salecontainer">
        <span class="sale">			

          <span class="unit_price"><strong><span class="from_price">$20.99</span> <small>ea</small></strong></span><br>
    		  <span class="compare_at_price unit_price"><small>$4.42 per 100g</small></span> 
        </span>
      </div>

    </div>


  </div><!-- .coll-prod-caption -->

  
<div class="ajax-add-to-cart-quick custom-form" style="position:absolute; left:0; right:0; bottom:-10px; justify-content:center;">  
  <select name="quantity" class="addToCartSelect">    
    
    	<option value="1">1</option>
    
    	<option value="2">2</option>
    
    	<option value="3">3</option>
    
    	<option value="4">4</option>
    
    	<option value="5">5</option>
    
    	<option value="6">6</option>
    
    	<option value="7">7</option>
    
    	<option value="8">8</option>
    
    	<option value="9">9</option>
    
    	<option value="10">10</option>
    
    	<option value="11">11</option>
    
    	<option value="12">12</option>
    
    	<option value="13">13</option>
    
    	<option value="14">14</option>
    
    	<option value="15">15</option>
    
    	<option value="16">16</option>
    
    	<option value="17">17</option>
    
    	<option value="18">18</option>
    
    	<option value="19">19</option>
    
    	<option value="20">20</option>
    
  </select>&nbsp; 
  <button class="btn addToCartButton" type="button" name="add" data-id="39337351512123" data-weather="" data-wholesale="" data-cap="" data-slider="" data-seafood="" data-juice="" data-mealkit="" data-loosesalad="" data-instorebakery="" data-shortdate="" data-hideinstate="-" style="white-space: nowrap; padding: 10px; height: 35px; width: 75px; letter-spacing: 0;">ADD</button>
</div>

<div class="ajax-update-cart custom-form" style="position:absolute; left:0; right:0; bottom:-10px; justify-content:center; display:none;">
  <a href="javascript:;" class="minusitem"><img src="//cdn.shopify.com/s/files/1/0206/9470/t/232/assets/MinusIcon.jpg?v=8086515874301911391" style="width: 30px; height: 35px;"></a>
  <input type="text" pattern="[0-9.]+" class="ajaxquantity addToCartInput" name="quantity" value="" readonly="" style="display:inline-block">
  <div class="lds-ring"><div></div><div></div><div></div><div></div></div>
  <a href="javascript:;" class="plusitem"><img src="//cdn.shopify.com/s/files/1/0206/9470/t/232/assets/PlusIcon.jpg?v=15674260478820120933" style="width: 30px; height: 35px;"></a>&nbsp; 
  <button class="btn addToCartButton" type="button" name="add" data-id="39337351512123" data-weather="" data-wholesale="" data-cap="" data-slider="" data-seafood="" data-juice="" data-mealkit="" data-loosesalad="" data-instorebakery="" data-shortdate="" data-hideinstate="-" style="background: #84D1E8; white-space: nowrap; padding: 10px; height: 35px; letter-spacing: 0;" onclick="window.location='/cart'">IN CART</button>
</div>


</div>

<script>        
  var pickingStore = (!$.cookie("picking_store")) ? 73 : $.cookie("picking_store"); 
  var pickingStoreVariant = "s:"+pickingStore;
  
  for (var i = 0; i < partsOfStr.length; i++){
    var variantArray = partsOfStr[i].split(',');
    var showProduct = false;    
    
    if (variantArray[0].trim() == pickingStoreVariant.trim()){
      showProduct = true;
      productOfOrigin = variantArray[1];
      var special =  variantArray[2]; 
      var additional = variantArray[3];       
      var variantId = variantArray[4];
      var price =  variantArray[5];
      var compareAtPrice = variantArray[6];
      var conversionFactor = $("#product-39337351479355").data("conversion-factor");                               
      var uom = $("#product-39337351479355").data("uom");
      var hideInState = $("#product-39337351479355").data("hideinstate");      
      
      if(additional){                
        $("#product-39337351479355 .additional .sale").html(additional.toUpperCase());
        $("#product-39337351479355 .additional").show();
      }
      
      $("#product-39337351479355 .btn").attr('data-id',variantId);      
      $("#product-39337351479355 .btn").attr('data-cap',compareAtPrice);          
      $("#product-39337351479355 .caption .salecontainer .sale .from_price").html('$' + (variantArray[5]/100).toFixed(2));         
        
      if(special != "Default"){          
        $("#product-39337351479355 .caption .unit_price .from_price").addClass("is-special");            
      }
            
      if (!compareAtPrice){
        if (uom != "" && uom ){ 
          $("#product-39337351479355 .caption .salecontainer .sale .compare_at_price").html('<small>$'+((price*conversionFactor)/100).toFixed(2)+" "+uom+'</small>');
        } 
      }
      else{
        $("#product-39337351479355 .caption .salecontainer .sale .compare_at_price").html('<small>$' + (variantArray[6]/100).toFixed(2) + ' per kg</small>');              
      }
        
      if((parseInt(variantArray[7])<=0) || (hideInState.indexOf(currState) != -1)){
        $("#product-39337351479355 .ajax-add-to-cart-quick").html("<p class='error'>Out of Stock</p>");          
        $("#product-39337351479355 a").css({"pointer-events":"none"});          
        $("#product-39337351479355").remove();
        console.log(variantId + " removed.");            
      }
      else{
        $("#product-39337351479355").addClass("in-stock");
        
        var items = $("#headercartvals").attr("data-items").split(";");

        $.each(items, function(index, item) {
          if (item){ 
            var itemId = item.split("-")[0];
            var itemQty = item.split("-")[1];

            if(variantArray[4] === itemId){
              $("#product-39337351479355").find(".ajax-add-to-cart-quick").hide();
              $("#product-39337351479355").find(".ajax-update-cart .addToCartInput").val(itemQty);
              $("#product-39337351479355").find(".ajax-update-cart").show();
              return;                       
            } 
          }
        });                              
      }      
    }
  }                         
  $(".product-item").not(".in-stock").hide();              
</script>

<script>

    var productId =  null;
    var productObj = null;
    
        productId = "#product-39337351479355";
        productObj = $(productId).find('.product-of-origin');
    

    // product of origin second part of the rule
    if(productOfOrigin == "Default"){
        $(productObj).html("Product of Australia");
    } else if (productOfOrigin == "Packaged in") {
        $(productObj).html("Packed in Australia from Imported Ingredients");
    } else if (productOfOrigin == "Packaged in local") {
        $(productObj).html("Packed in Australia from Imported and Local Ingredients");
    } else if (productOfOrigin == "Made In") {
        $(productObj).html("Made in Australia from Imported Ingredients");
    } else if (productOfOrigin == "Made in local") {
        $(productObj).html("Made in Australia from Imported and Local Ingredients"); 
    } else{
        $(productObj).html("Product of "+ productOfOrigin);
    }

</script> 


        
           








<div class="product-item columns large-2 in-stock" id="product-11007923973" data-variants="s:1,Australia,,,11007923973,2549,1699,0;s:73,Australia,,,2165814329353,2549,1699,12;" data-s1="0" data-s73="12" data-sort-tag="" data-shopify-sku="554399" data-uom="per kg" data-conversion-factor="0.357142857142857143" data-hideinstate="-">
  <script>
    var variants = addslashes("s:1,Australia,Default,,11007923973,2549,1699,0;s:73,Australia,Default,,2165814329353,2549,1699,12;"); 
	var partsOfStr = variants.split(';');
  </script>
  
  <div class="collection-image">
    <div class="additional" style="width: 100%; height: auto; position: absolute; left: 0px; top: 0px; background: rgba(183, 183, 183, 0.37); color: white; padding: 4px; display: none">
      <span class="sale" style="font-size: 14px; color: black;"></span></div>
    <a href="/collections/beef/products/beef-grass-fed-girello-roast-554399">
      <img class="lazyOwl" data-src="//cdn.shopify.com/s/files/1/0206/9470/products/554399-done_large.jpg?v=1595710221" src="//cdn.shopify.com/s/files/1/0206/9470/products/554399-done_medium.jpg?v=1595710221" alt="Beef - Girello Roast | Harris Farm Online" style="height: 100%; width: 100%">
    </a>
  </div>   
  <!-- .coll-image-wrap -->

  <div class="caption">
    
    <div class="box-title">
      
      <p class="title" style="height: 45px; font-size: 12px;">
        <a href="/collections/beef/products/beef-grass-fed-girello-roast-554399">
          Grass Fed Beef Girello Roast 1.8kg2.8kg 
        </a>
      </p>
      
      <script>
    var productOfOrigin;
</script>

    
    

    <!-- product of origin first part of the rule -->
    

    
    

    <!-- product of origin first part of the rule -->
    

    
    

    <!-- product of origin first part of the rule -->
    

    
    

    <!-- product of origin first part of the rule -->
    

    
    

    <!-- product of origin first part of the rule -->
    




      <div class="salecontainer">
        <span class="sale">			

          <span class="unit_price"><strong><span class="from_price">$25.49</span> <small>ea</small></strong></span><br>
    		  <span class="compare_at_price unit_price"><small>$16.99 per kg</small></span> 
        </span>
      </div>

    </div>


  </div><!-- .coll-prod-caption -->

  
<div class="ajax-add-to-cart-quick custom-form" style="position:absolute; left:0; right:0; bottom:-10px; justify-content:center;">  
  <select name="quantity" class="addToCartSelect">    
    
    	<option value="1">1</option>
    
    	<option value="2">2</option>
    
    	<option value="3">3</option>
    
    	<option value="4">4</option>
    
    	<option value="5">5</option>
    
    	<option value="6">6</option>
    
    	<option value="7">7</option>
    
    	<option value="8">8</option>
    
    	<option value="9">9</option>
    
    	<option value="10">10</option>
    
    	<option value="11">11</option>
    
    	<option value="12">12</option>
    
    	<option value="13">13</option>
    
    	<option value="14">14</option>
    
    	<option value="15">15</option>
    
    	<option value="16">16</option>
    
    	<option value="17">17</option>
    
    	<option value="18">18</option>
    
    	<option value="19">19</option>
    
    	<option value="20">20</option>
    
  </select>&nbsp; 
  <button class="btn addToCartButton" type="button" name="add" data-id="2165814329353" data-weather="" data-wholesale="" data-cap="1699" data-slider="" data-seafood="" data-juice="" data-mealkit="" data-loosesalad="" data-instorebakery="" data-shortdate="" data-hideinstate="-" style="white-space: nowrap; padding: 10px; height: 35px; width: 75px; letter-spacing: 0;">ADD</button>
</div>

<div class="ajax-update-cart custom-form" style="position:absolute; left:0; right:0; bottom:-10px; justify-content:center; display:none;">
  <a href="javascript:;" class="minusitem"><img src="//cdn.shopify.com/s/files/1/0206/9470/t/232/assets/MinusIcon.jpg?v=8086515874301911391" style="width: 30px; height: 35px;"></a>
  <input type="text" pattern="[0-9.]+" class="ajaxquantity addToCartInput" name="quantity" value="" readonly="" style="display:inline-block">
  <div class="lds-ring"><div></div><div></div><div></div><div></div></div>
  <a href="javascript:;" class="plusitem"><img src="//cdn.shopify.com/s/files/1/0206/9470/t/232/assets/PlusIcon.jpg?v=15674260478820120933" style="width: 30px; height: 35px;"></a>&nbsp; 
  <button class="btn addToCartButton" type="button" name="add" data-id="2165814329353" data-weather="" data-wholesale="" data-cap="1699" data-slider="" data-seafood="" data-juice="" data-mealkit="" data-loosesalad="" data-instorebakery="" data-shortdate="" data-hideinstate="-" style="background: #84D1E8; white-space: nowrap; padding: 10px; height: 35px; letter-spacing: 0;" onclick="window.location='/cart'">IN CART</button>
</div>


</div>

<script>        
  var pickingStore = (!$.cookie("picking_store")) ? 73 : $.cookie("picking_store"); 
  var pickingStoreVariant = "s:"+pickingStore;
  
  for (var i = 0; i < partsOfStr.length; i++){
    var variantArray = partsOfStr[i].split(',');
    var showProduct = false;    
    
    if (variantArray[0].trim() == pickingStoreVariant.trim()){
      showProduct = true;
      productOfOrigin = variantArray[1];
      var special =  variantArray[2]; 
      var additional = variantArray[3];       
      var variantId = variantArray[4];
      var price =  variantArray[5];
      var compareAtPrice = variantArray[6];
      var conversionFactor = $("#product-11007923973").data("conversion-factor");                               
      var uom = $("#product-11007923973").data("uom");
      var hideInState = $("#product-11007923973").data("hideinstate");      
      
      if(additional){                
        $("#product-11007923973 .additional .sale").html(additional.toUpperCase());
        $("#product-11007923973 .additional").show();
      }
      
      $("#product-11007923973 .btn").attr('data-id',variantId);      
      $("#product-11007923973 .btn").attr('data-cap',compareAtPrice);          
      $("#product-11007923973 .caption .salecontainer .sale .from_price").html('$' + (variantArray[5]/100).toFixed(2));         
        
      if(special != "Default"){          
        $("#product-11007923973 .caption .unit_price .from_price").addClass("is-special");            
      }
            
      if (!compareAtPrice){
        if (uom != "" && uom ){ 
          $("#product-11007923973 .caption .salecontainer .sale .compare_at_price").html('<small>$'+((price*conversionFactor)/100).toFixed(2)+" "+uom+'</small>');
        } 
      }
      else{
        $("#product-11007923973 .caption .salecontainer .sale .compare_at_price").html('<small>$' + (variantArray[6]/100).toFixed(2) + ' per kg</small>');              
      }
        
      if((parseInt(variantArray[7])<=0) || (hideInState.indexOf(currState) != -1)){
        $("#product-11007923973 .ajax-add-to-cart-quick").html("<p class='error'>Out of Stock</p>");          
        $("#product-11007923973 a").css({"pointer-events":"none"});          
        $("#product-11007923973").remove();
        console.log(variantId + " removed.");            
      }
      else{
        $("#product-11007923973").addClass("in-stock");
        
        var items = $("#headercartvals").attr("data-items").split(";");

        $.each(items, function(index, item) {
          if (item){ 
            var itemId = item.split("-")[0];
            var itemQty = item.split("-")[1];

            if(variantArray[4] === itemId){
              $("#product-11007923973").find(".ajax-add-to-cart-quick").hide();
              $("#product-11007923973").find(".ajax-update-cart .addToCartInput").val(itemQty);
              $("#product-11007923973").find(".ajax-update-cart").show();
              return;                       
            } 
          }
        });                              
      }      
    }
  }                         
  $(".product-item").not(".in-stock").hide();              
</script>

<script>

    var productId =  null;
    var productObj = null;
    
        productId = "#product-11007923973";
        productObj = $(productId).find('.product-of-origin');
    

    // product of origin second part of the rule
    if(productOfOrigin == "Default"){
        $(productObj).html("Product of Australia");
    } else if (productOfOrigin == "Packaged in") {
        $(productObj).html("Packed in Australia from Imported Ingredients");
    } else if (productOfOrigin == "Packaged in local") {
        $(productObj).html("Packed in Australia from Imported and Local Ingredients");
    } else if (productOfOrigin == "Made In") {
        $(productObj).html("Made in Australia from Imported Ingredients");
    } else if (productOfOrigin == "Made in local") {
        $(productObj).html("Made in Australia from Imported and Local Ingredients"); 
    } else{
        $(productObj).html("Product of "+ productOfOrigin);
    }

</script> 


        
           








<div class="product-item columns large-2 in-stock" id="product-29817001417" data-variants="s:1,Australia,,,29817001417,5748,2499,0;s:73,Australia,,,2165836972041,5748,2499,23;" data-s1="0" data-s73="23" data-sort-tag="" data-shopify-sku="552197" data-uom="per kg" data-conversion-factor="0.434782608695652174" data-hideinstate="-">
  <script>
    var variants = addslashes("s:1,Australia,Default,,29817001417,5748,2499,0;s:73,Australia,Default,,2165836972041,5748,2499,23;"); 
	var partsOfStr = variants.split(';');
  </script>
  
  <div class="collection-image">
    <div class="additional" style="width: 100%; height: auto; position: absolute; left: 0px; top: 0px; background: rgba(183, 183, 183, 0.37); color: white; padding: 4px; display: none">
      <span class="sale" style="font-size: 14px; color: black;"></span></div>
    <a href="/collections/beef/products/grass-fed-beef-striploin-portions-552197">
      <img class="lazyOwl" data-src="//cdn.shopify.com/s/files/1/0206/9470/products/552197-done_large.jpg?v=1618871724" src="//cdn.shopify.com/s/files/1/0206/9470/products/552197-done_medium.jpg?v=1618871724" alt="Grass Fed Beef Striploin Portions | Harris Farm Online" style="height: 100%; width: 100%">
    </a>
  </div>   
  <!-- .coll-image-wrap -->

  <div class="caption">
    
    <div class="box-title">
      
      <p class="title" style="height: 45px; font-size: 12px;">
        <a href="/collections/beef/products/grass-fed-beef-striploin-portions-552197">
          Grass Fed Beef Striploin Portions 1.8-2.3kg 
        </a>
      </p>
      
      <script>
    var productOfOrigin;
</script>

    
    

    <!-- product of origin first part of the rule -->
    

    
    

    <!-- product of origin first part of the rule -->
    

    
    

    <!-- product of origin first part of the rule -->
    

    
    

    <!-- product of origin first part of the rule -->
    

    
    

    <!-- product of origin first part of the rule -->
    

    
    

    <!-- product of origin first part of the rule -->
    




      <div class="salecontainer">
        <span class="sale">			

          <span class="unit_price"><strong><span class="from_price">$57.48</span> <small>ea</small></strong></span><br>
    		  <span class="compare_at_price unit_price"><small>$24.99 per kg</small></span> 
        </span>
      </div>

    </div>


  </div><!-- .coll-prod-caption -->

  
<div class="ajax-add-to-cart-quick custom-form" style="position:absolute; left:0; right:0; bottom:-10px; justify-content:center;">  
  <select name="quantity" class="addToCartSelect">    
    
    	<option value="1">1</option>
    
    	<option value="2">2</option>
    
    	<option value="3">3</option>
    
    	<option value="4">4</option>
    
    	<option value="5">5</option>
    
    	<option value="6">6</option>
    
    	<option value="7">7</option>
    
    	<option value="8">8</option>
    
    	<option value="9">9</option>
    
    	<option value="10">10</option>
    
    	<option value="11">11</option>
    
    	<option value="12">12</option>
    
    	<option value="13">13</option>
    
    	<option value="14">14</option>
    
    	<option value="15">15</option>
    
    	<option value="16">16</option>
    
    	<option value="17">17</option>
    
    	<option value="18">18</option>
    
    	<option value="19">19</option>
    
    	<option value="20">20</option>
    
  </select>&nbsp; 
  <button class="btn addToCartButton" type="button" name="add" data-id="2165836972041" data-weather="" data-wholesale="" data-cap="2499" data-slider="" data-seafood="" data-juice="" data-mealkit="" data-loosesalad="" data-instorebakery="" data-shortdate="" data-hideinstate="-" style="white-space: nowrap; padding: 10px; height: 35px; width: 75px; letter-spacing: 0;">ADD</button>
</div>

<div class="ajax-update-cart custom-form" style="position:absolute; left:0; right:0; bottom:-10px; justify-content:center; display:none;">
  <a href="javascript:;" class="minusitem"><img src="//cdn.shopify.com/s/files/1/0206/9470/t/232/assets/MinusIcon.jpg?v=8086515874301911391" style="width: 30px; height: 35px;"></a>
  <input type="text" pattern="[0-9.]+" class="ajaxquantity addToCartInput" name="quantity" value="" readonly="" style="display:inline-block">
  <div class="lds-ring"><div></div><div></div><div></div><div></div></div>
  <a href="javascript:;" class="plusitem"><img src="//cdn.shopify.com/s/files/1/0206/9470/t/232/assets/PlusIcon.jpg?v=15674260478820120933" style="width: 30px; height: 35px;"></a>&nbsp; 
  <button class="btn addToCartButton" type="button" name="add" data-id="2165836972041" data-weather="" data-wholesale="" data-cap="2499" data-slider="" data-seafood="" data-juice="" data-mealkit="" data-loosesalad="" data-instorebakery="" data-shortdate="" data-hideinstate="-" style="background: #84D1E8; white-space: nowrap; padding: 10px; height: 35px; letter-spacing: 0;" onclick="window.location='/cart'">IN CART</button>
</div>


</div>

<script>        
  var pickingStore = (!$.cookie("picking_store")) ? 73 : $.cookie("picking_store"); 
  var pickingStoreVariant = "s:"+pickingStore;
  
  for (var i = 0; i < partsOfStr.length; i++){
    var variantArray = partsOfStr[i].split(',');
    var showProduct = false;    
    
    if (variantArray[0].trim() == pickingStoreVariant.trim()){
      showProduct = true;
      productOfOrigin = variantArray[1];
      var special =  variantArray[2]; 
      var additional = variantArray[3];       
      var variantId = variantArray[4];
      var price =  variantArray[5];
      var compareAtPrice = variantArray[6];
      var conversionFactor = $("#product-29817001417").data("conversion-factor");                               
      var uom = $("#product-29817001417").data("uom");
      var hideInState = $("#product-29817001417").data("hideinstate");      
      
      if(additional){                
        $("#product-29817001417 .additional .sale").html(additional.toUpperCase());
        $("#product-29817001417 .additional").show();
      }
      
      $("#product-29817001417 .btn").attr('data-id',variantId);      
      $("#product-29817001417 .btn").attr('data-cap',compareAtPrice);          
      $("#product-29817001417 .caption .salecontainer .sale .from_price").html('$' + (variantArray[5]/100).toFixed(2));         
        
      if(special != "Default"){          
        $("#product-29817001417 .caption .unit_price .from_price").addClass("is-special");            
      }
            
      if (!compareAtPrice){
        if (uom != "" && uom ){ 
          $("#product-29817001417 .caption .salecontainer .sale .compare_at_price").html('<small>$'+((price*conversionFactor)/100).toFixed(2)+" "+uom+'</small>');
        } 
      }
      else{
        $("#product-29817001417 .caption .salecontainer .sale .compare_at_price").html('<small>$' + (variantArray[6]/100).toFixed(2) + ' per kg</small>');              
      }
        
      if((parseInt(variantArray[7])<=0) || (hideInState.indexOf(currState) != -1)){
        $("#product-29817001417 .ajax-add-to-cart-quick").html("<p class='error'>Out of Stock</p>");          
        $("#product-29817001417 a").css({"pointer-events":"none"});          
        $("#product-29817001417").remove();
        console.log(variantId + " removed.");            
      }
      else{
        $("#product-29817001417").addClass("in-stock");
        
        var items = $("#headercartvals").attr("data-items").split(";");

        $.each(items, function(index, item) {
          if (item){ 
            var itemId = item.split("-")[0];
            var itemQty = item.split("-")[1];

            if(variantArray[4] === itemId){
              $("#product-29817001417").find(".ajax-add-to-cart-quick").hide();
              $("#product-29817001417").find(".ajax-update-cart .addToCartInput").val(itemQty);
              $("#product-29817001417").find(".ajax-update-cart").show();
              return;                       
            } 
          }
        });                              
      }      
    }
  }                         
  $(".product-item").not(".in-stock").hide();              
</script>

<script>

    var productId =  null;
    var productObj = null;
    
        productId = "#product-29817001417";
        productObj = $(productId).find('.product-of-origin');
    

    // product of origin second part of the rule
    if(productOfOrigin == "Default"){
        $(productObj).html("Product of Australia");
    } else if (productOfOrigin == "Packaged in") {
        $(productObj).html("Packed in Australia from Imported Ingredients");
    } else if (productOfOrigin == "Packaged in local") {
        $(productObj).html("Packed in Australia from Imported and Local Ingredients");
    } else if (productOfOrigin == "Made In") {
        $(productObj).html("Made in Australia from Imported Ingredients");
    } else if (productOfOrigin == "Made in local") {
        $(productObj).html("Made in Australia from Imported and Local Ingredients"); 
    } else{
        $(productObj).html("Product of "+ productOfOrigin);
    }

</script> 


        
           








<div class="product-item columns large-2 in-stock" id="product-39328153763899" data-variants="s:1,,,,39328153763899,299,,0;s:73,Australia,,,39328153796667,299,,95;" data-s1="0" data-s73="95" data-sort-tag="" data-shopify-sku="602207" data-uom="per kg" data-conversion-factor="6.66666666666666667" data-hideinstate="-">
  <script>
    var variants = addslashes("s:1,Default,Default,,39328153763899,299,,0;s:73,Australia,Default,,39328153796667,299,,95;"); 
	var partsOfStr = variants.split(';');
  </script>
  
  <div class="collection-image">
    <div class="additional" style="width: 100%; height: auto; position: absolute; left: 0px; top: 0px; background: rgba(183, 183, 183, 0.37); color: white; padding: 4px; display: none">
      <span class="sale" style="font-size: 14px; color: black;"></span></div>
    <a href="/collections/beef/products/kilcoy-natural-beef-burger-602207">
      <img class="lazyOwl" data-src="//cdn.shopify.com/s/files/1/0206/9470/products/602207-done_large.jpg?v=1619064753" src="//cdn.shopify.com/s/files/1/0206/9470/products/602207-done_medium.jpg?v=1619064753" alt="Kilcoy Natural Beef Burger | Harris Farm Online" style="height: 100%; width: 100%">
    </a>
  </div>   
  <!-- .coll-image-wrap -->

  <div class="caption">
    
    <div class="box-title">
      
      <p class="title" style="height: 45px; ">
        <a href="/collections/beef/products/kilcoy-natural-beef-burger-602207">
          Kilcoy Natural Beef Burger 150g 
        </a>
      </p>
      
      <script>
    var productOfOrigin;
</script>

    
    

    <!-- product of origin first part of the rule -->
    

    
    

    <!-- product of origin first part of the rule -->
    

    
    

    <!-- product of origin first part of the rule -->
    

    
    

    <!-- product of origin first part of the rule -->
    

    
    

    <!-- product of origin first part of the rule -->
    

    
    

    <!-- product of origin first part of the rule -->
    

    
    

    <!-- product of origin first part of the rule -->
    

    
    

    <!-- product of origin first part of the rule -->
    

    
    

    <!-- product of origin first part of the rule -->
    

    
    

    <!-- product of origin first part of the rule -->
    

    
    

    <!-- product of origin first part of the rule -->
    




      <div class="salecontainer">
        <span class="sale">			

          <span class="unit_price"><strong><span class="from_price">$2.99</span> <small>ea</small></strong></span><br>
    		  <span class="compare_at_price unit_price"><small>$19.93 per kg</small></span> 
        </span>
      </div>

    </div>


  </div><!-- .coll-prod-caption -->

  
<div class="ajax-add-to-cart-quick custom-form" style="position:absolute; left:0; right:0; bottom:-10px; justify-content:center;">  
  <select name="quantity" class="addToCartSelect">    
    
    	<option value="1">1</option>
    
    	<option value="2">2</option>
    
    	<option value="3">3</option>
    
    	<option value="4">4</option>
    
    	<option value="5">5</option>
    
    	<option value="6">6</option>
    
    	<option value="7">7</option>
    
    	<option value="8">8</option>
    
    	<option value="9">9</option>
    
    	<option value="10">10</option>
    
    	<option value="11">11</option>
    
    	<option value="12">12</option>
    
    	<option value="13">13</option>
    
    	<option value="14">14</option>
    
    	<option value="15">15</option>
    
    	<option value="16">16</option>
    
    	<option value="17">17</option>
    
    	<option value="18">18</option>
    
    	<option value="19">19</option>
    
    	<option value="20">20</option>
    
  </select>&nbsp; 
  <button class="btn addToCartButton" type="button" name="add" data-id="39328153796667" data-weather="" data-wholesale="" data-cap="" data-slider="" data-seafood="" data-juice="" data-mealkit="" data-loosesalad="" data-instorebakery="" data-shortdate="" data-hideinstate="-" style="white-space: nowrap; padding: 10px; height: 35px; width: 75px; letter-spacing: 0;">ADD</button>
</div>

<div class="ajax-update-cart custom-form" style="position:absolute; left:0; right:0; bottom:-10px; justify-content:center; display:none;">
  <a href="javascript:;" class="minusitem"><img src="//cdn.shopify.com/s/files/1/0206/9470/t/232/assets/MinusIcon.jpg?v=8086515874301911391" style="width: 30px; height: 35px;"></a>
  <input type="text" pattern="[0-9.]+" class="ajaxquantity addToCartInput" name="quantity" value="" readonly="" style="display:inline-block">
  <div class="lds-ring"><div></div><div></div><div></div><div></div></div>
  <a href="javascript:;" class="plusitem"><img src="//cdn.shopify.com/s/files/1/0206/9470/t/232/assets/PlusIcon.jpg?v=15674260478820120933" style="width: 30px; height: 35px;"></a>&nbsp; 
  <button class="btn addToCartButton" type="button" name="add" data-id="39328153796667" data-weather="" data-wholesale="" data-cap="" data-slider="" data-seafood="" data-juice="" data-mealkit="" data-loosesalad="" data-instorebakery="" data-shortdate="" data-hideinstate="-" style="background: #84D1E8; white-space: nowrap; padding: 10px; height: 35px; letter-spacing: 0;" onclick="window.location='/cart'">IN CART</button>
</div>


</div>

<script>        
  var pickingStore = (!$.cookie("picking_store")) ? 73 : $.cookie("picking_store"); 
  var pickingStoreVariant = "s:"+pickingStore;
  
  for (var i = 0; i < partsOfStr.length; i++){
    var variantArray = partsOfStr[i].split(',');
    var showProduct = false;    
    
    if (variantArray[0].trim() == pickingStoreVariant.trim()){
      showProduct = true;
      productOfOrigin = variantArray[1];
      var special =  variantArray[2]; 
      var additional = variantArray[3];       
      var variantId = variantArray[4];
      var price =  variantArray[5];
      var compareAtPrice = variantArray[6];
      var conversionFactor = $("#product-39328153763899").data("conversion-factor");                               
      var uom = $("#product-39328153763899").data("uom");
      var hideInState = $("#product-39328153763899").data("hideinstate");      
      
      if(additional){                
        $("#product-39328153763899 .additional .sale").html(additional.toUpperCase());
        $("#product-39328153763899 .additional").show();
      }
      
      $("#product-39328153763899 .btn").attr('data-id',variantId);      
      $("#product-39328153763899 .btn").attr('data-cap',compareAtPrice);          
      $("#product-39328153763899 .caption .salecontainer .sale .from_price").html('$' + (variantArray[5]/100).toFixed(2));         
        
      if(special != "Default"){          
        $("#product-39328153763899 .caption .unit_price .from_price").addClass("is-special");            
      }
            
      if (!compareAtPrice){
        if (uom != "" && uom ){ 
          $("#product-39328153763899 .caption .salecontainer .sale .compare_at_price").html('<small>$'+((price*conversionFactor)/100).toFixed(2)+" "+uom+'</small>');
        } 
      }
      else{
        $("#product-39328153763899 .caption .salecontainer .sale .compare_at_price").html('<small>$' + (variantArray[6]/100).toFixed(2) + ' per kg</small>');              
      }
        
      if((parseInt(variantArray[7])<=0) || (hideInState.indexOf(currState) != -1)){
        $("#product-39328153763899 .ajax-add-to-cart-quick").html("<p class='error'>Out of Stock</p>");          
        $("#product-39328153763899 a").css({"pointer-events":"none"});          
        $("#product-39328153763899").remove();
        console.log(variantId + " removed.");            
      }
      else{
        $("#product-39328153763899").addClass("in-stock");
        
        var items = $("#headercartvals").attr("data-items").split(";");

        $.each(items, function(index, item) {
          if (item){ 
            var itemId = item.split("-")[0];
            var itemQty = item.split("-")[1];

            if(variantArray[4] === itemId){
              $("#product-39328153763899").find(".ajax-add-to-cart-quick").hide();
              $("#product-39328153763899").find(".ajax-update-cart .addToCartInput").val(itemQty);
              $("#product-39328153763899").find(".ajax-update-cart").show();
              return;                       
            } 
          }
        });                              
      }      
    }
  }                         
  $(".product-item").not(".in-stock").hide();              
</script>

<script>

    var productId =  null;
    var productObj = null;
    
        productId = "#product-39328153763899";
        productObj = $(productId).find('.product-of-origin');
    

    // product of origin second part of the rule
    if(productOfOrigin == "Default"){
        $(productObj).html("Product of Australia");
    } else if (productOfOrigin == "Packaged in") {
        $(productObj).html("Packed in Australia from Imported Ingredients");
    } else if (productOfOrigin == "Packaged in local") {
        $(productObj).html("Packed in Australia from Imported and Local Ingredients");
    } else if (productOfOrigin == "Made In") {
        $(productObj).html("Made in Australia from Imported Ingredients");
    } else if (productOfOrigin == "Made in local") {
        $(productObj).html("Made in Australia from Imported and Local Ingredients"); 
    } else{
        $(productObj).html("Product of "+ productOfOrigin);
    }

</script> 


        
           








<div class="product-item columns large-2 in-stock" id="product-21376723812411" data-variants="s:1,,,,21376723812411,629,,0;s:73,,,,21376723845179,629,,5;" data-s1="0" data-s73="5" data-sort-tag="" data-shopify-sku="552571" data-uom="per kg" data-conversion-factor="2.27272727272727273" data-hideinstate="-">
  <script>
    var variants = addslashes("s:1,Default,Default,,21376723812411,629,,0;s:73,Default,Default,,21376723845179,629,,5;"); 
	var partsOfStr = variants.split(';');
  </script>
  
  <div class="collection-image">
    <div class="additional" style="width: 100%; height: auto; position: absolute; left: 0px; top: 0px; background: rgba(183, 183, 183, 0.37); color: white; padding: 4px; display: none">
      <span class="sale" style="font-size: 14px; color: black;"></span></div>
    <a href="/collections/beef/products/on-the-farm-gourmet-sausages-angus-beef">
      <img class="lazyOwl" data-src="//cdn.shopify.com/s/files/1/0206/9470/products/552571-done_large.jpg?v=1567829542" src="//cdn.shopify.com/s/files/1/0206/9470/products/552571-done_medium.jpg?v=1567829542" alt="On The Farm Angus Beef Sausages 440g" style="height: 100%; width: 100%">
    </a>
  </div>   
  <!-- .coll-image-wrap -->

  <div class="caption">
    
    <div class="box-title">
      
      <p class="title" style="height: 45px; font-size: 12px;">
        <a href="/collections/beef/products/on-the-farm-gourmet-sausages-angus-beef">
          On The Farm Angus Beef Sausages 440g 
        </a>
      </p>
      
      <script>
    var productOfOrigin;
</script>

    
    

    <!-- product of origin first part of the rule -->
    

    
    

    <!-- product of origin first part of the rule -->
    

    
    

    <!-- product of origin first part of the rule -->
    

    
    

    <!-- product of origin first part of the rule -->
    

    
    

    <!-- product of origin first part of the rule -->
    

    
    

    <!-- product of origin first part of the rule -->
    

    
    

    <!-- product of origin first part of the rule -->
    

    
    

    <!-- product of origin first part of the rule -->
    

    
    

    <!-- product of origin first part of the rule -->
    




      <div class="salecontainer">
        <span class="sale">			

          <span class="unit_price"><strong><span class="from_price">$6.29</span> <small>ea</small></strong></span><br>
    		  <span class="compare_at_price unit_price"><small>$14.30 per kg</small></span> 
        </span>
      </div>

    </div>


  </div><!-- .coll-prod-caption -->

  
<div class="ajax-add-to-cart-quick custom-form" style="position:absolute; left:0; right:0; bottom:-10px; justify-content:center;">  
  <select name="quantity" class="addToCartSelect">    
    
    	<option value="1">1</option>
    
    	<option value="2">2</option>
    
    	<option value="3">3</option>
    
    	<option value="4">4</option>
    
    	<option value="5">5</option>
    
    	<option value="6">6</option>
    
    	<option value="7">7</option>
    
    	<option value="8">8</option>
    
    	<option value="9">9</option>
    
    	<option value="10">10</option>
    
    	<option value="11">11</option>
    
    	<option value="12">12</option>
    
    	<option value="13">13</option>
    
    	<option value="14">14</option>
    
    	<option value="15">15</option>
    
    	<option value="16">16</option>
    
    	<option value="17">17</option>
    
    	<option value="18">18</option>
    
    	<option value="19">19</option>
    
    	<option value="20">20</option>
    
  </select>&nbsp; 
  <button class="btn addToCartButton" type="button" name="add" data-id="21376723845179" data-weather="" data-wholesale="" data-cap="" data-slider="" data-seafood="" data-juice="" data-mealkit="" data-loosesalad="" data-instorebakery="" data-shortdate="" data-hideinstate="-" style="white-space: nowrap; padding: 10px; height: 35px; width: 75px; letter-spacing: 0;">ADD</button>
</div>

<div class="ajax-update-cart custom-form" style="position:absolute; left:0; right:0; bottom:-10px; justify-content:center; display:none;">
  <a href="javascript:;" class="minusitem"><img src="//cdn.shopify.com/s/files/1/0206/9470/t/232/assets/MinusIcon.jpg?v=8086515874301911391" style="width: 30px; height: 35px;"></a>
  <input type="text" pattern="[0-9.]+" class="ajaxquantity addToCartInput" name="quantity" value="" readonly="" style="display:inline-block">
  <div class="lds-ring"><div></div><div></div><div></div><div></div></div>
  <a href="javascript:;" class="plusitem"><img src="//cdn.shopify.com/s/files/1/0206/9470/t/232/assets/PlusIcon.jpg?v=15674260478820120933" style="width: 30px; height: 35px;"></a>&nbsp; 
  <button class="btn addToCartButton" type="button" name="add" data-id="21376723845179" data-weather="" data-wholesale="" data-cap="" data-slider="" data-seafood="" data-juice="" data-mealkit="" data-loosesalad="" data-instorebakery="" data-shortdate="" data-hideinstate="-" style="background: #84D1E8; white-space: nowrap; padding: 10px; height: 35px; letter-spacing: 0;" onclick="window.location='/cart'">IN CART</button>
</div>


</div>

<script>        
  var pickingStore = (!$.cookie("picking_store")) ? 73 : $.cookie("picking_store"); 
  var pickingStoreVariant = "s:"+pickingStore;
  
  for (var i = 0; i < partsOfStr.length; i++){
    var variantArray = partsOfStr[i].split(',');
    var showProduct = false;    
    
    if (variantArray[0].trim() == pickingStoreVariant.trim()){
      showProduct = true;
      productOfOrigin = variantArray[1];
      var special =  variantArray[2]; 
      var additional = variantArray[3];       
      var variantId = variantArray[4];
      var price =  variantArray[5];
      var compareAtPrice = variantArray[6];
      var conversionFactor = $("#product-21376723812411").data("conversion-factor");                               
      var uom = $("#product-21376723812411").data("uom");
      var hideInState = $("#product-21376723812411").data("hideinstate");      
      
      if(additional){                
        $("#product-21376723812411 .additional .sale").html(additional.toUpperCase());
        $("#product-21376723812411 .additional").show();
      }
      
      $("#product-21376723812411 .btn").attr('data-id',variantId);      
      $("#product-21376723812411 .btn").attr('data-cap',compareAtPrice);          
      $("#product-21376723812411 .caption .salecontainer .sale .from_price").html('$' + (variantArray[5]/100).toFixed(2));         
        
      if(special != "Default"){          
        $("#product-21376723812411 .caption .unit_price .from_price").addClass("is-special");            
      }
            
      if (!compareAtPrice){
        if (uom != "" && uom ){ 
          $("#product-21376723812411 .caption .salecontainer .sale .compare_at_price").html('<small>$'+((price*conversionFactor)/100).toFixed(2)+" "+uom+'</small>');
        } 
      }
      else{
        $("#product-21376723812411 .caption .salecontainer .sale .compare_at_price").html('<small>$' + (variantArray[6]/100).toFixed(2) + ' per kg</small>');              
      }
        
      if((parseInt(variantArray[7])<=0) || (hideInState.indexOf(currState) != -1)){
        $("#product-21376723812411 .ajax-add-to-cart-quick").html("<p class='error'>Out of Stock</p>");          
        $("#product-21376723812411 a").css({"pointer-events":"none"});          
        $("#product-21376723812411").remove();
        console.log(variantId + " removed.");            
      }
      else{
        $("#product-21376723812411").addClass("in-stock");
        
        var items = $("#headercartvals").attr("data-items").split(";");

        $.each(items, function(index, item) {
          if (item){ 
            var itemId = item.split("-")[0];
            var itemQty = item.split("-")[1];

            if(variantArray[4] === itemId){
              $("#product-21376723812411").find(".ajax-add-to-cart-quick").hide();
              $("#product-21376723812411").find(".ajax-update-cart .addToCartInput").val(itemQty);
              $("#product-21376723812411").find(".ajax-update-cart").show();
              return;                       
            } 
          }
        });                              
      }      
    }
  }                         
  $(".product-item").not(".in-stock").hide();              
</script>

<script>

    var productId =  null;
    var productObj = null;
    
        productId = "#product-21376723812411";
        productObj = $(productId).find('.product-of-origin');
    

    // product of origin second part of the rule
    if(productOfOrigin == "Default"){
        $(productObj).html("Product of Australia");
    } else if (productOfOrigin == "Packaged in") {
        $(productObj).html("Packed in Australia from Imported Ingredients");
    } else if (productOfOrigin == "Packaged in local") {
        $(productObj).html("Packed in Australia from Imported and Local Ingredients");
    } else if (productOfOrigin == "Made In") {
        $(productObj).html("Made in Australia from Imported Ingredients");
    } else if (productOfOrigin == "Made in local") {
        $(productObj).html("Made in Australia from Imported and Local Ingredients"); 
    } else{
        $(productObj).html("Product of "+ productOfOrigin);
    }

</script> 


        
           








<div class="product-item columns large-2 in-stock" id="product-34407624212539" data-variants="s:1,,,,34407624212539,4680,12999,0;s:73,Australia,,,34407624245307,4680,12999,2;" data-s1="0" data-s73="2" data-sort-tag="" data-shopify-sku="553105" data-uom="per kg" data-conversion-factor="2.77777777777777778" data-hideinstate="-">
  <script>
    var variants = addslashes("s:1,Default,Default,,34407624212539,4680,12999,0;s:73,Australia,Default,,34407624245307,4680,12999,2;"); 
	var partsOfStr = variants.split(';');
  </script>
  
  <div class="collection-image">
    <div class="additional" style="width: 100%; height: auto; position: absolute; left: 0px; top: 0px; background: rgba(183, 183, 183, 0.37); color: white; padding: 4px; display: none">
      <span class="sale" style="font-size: 14px; color: black;"></span></div>
    <a href="/collections/beef/products/origin-meats-wagyu-scotch-fillet-steak-553105">
      <img class="lazyOwl" data-src="//cdn.shopify.com/s/files/1/0206/9470/products/553105-done_large.jpg?v=1616034423" src="//cdn.shopify.com/s/files/1/0206/9470/products/553105-done_medium.jpg?v=1616034423" alt="Origin Meats Wagyu Scotch Fillet Steak MB6-7  | Harris Farm Online" style="height: 100%; width: 100%">
    </a>
  </div>   
  <!-- .coll-image-wrap -->

  <div class="caption">
    
    <div class="box-title">
      
      <p class="title" style="height: 45px; font-size: 12px;">
        <a href="/collections/beef/products/origin-meats-wagyu-scotch-fillet-steak-553105">
          Origin Meats Wagyu Scotch Fillet Steak MB 6-7 260-360g 
        </a>
      </p>
      
      <script>
    var productOfOrigin;
</script>

    
    

    <!-- product of origin first part of the rule -->
    

    
    

    <!-- product of origin first part of the rule -->
    

    
    

    <!-- product of origin first part of the rule -->
    

    
    

    <!-- product of origin first part of the rule -->
    

    
    

    <!-- product of origin first part of the rule -->
    

    
    

    <!-- product of origin first part of the rule -->
    




      <div class="salecontainer">
        <span class="sale">			

          <span class="unit_price"><strong><span class="from_price">$46.80</span> <small>ea</small></strong></span><br>
    		  <span class="compare_at_price unit_price"><small>$129.99 per kg</small></span> 
        </span>
      </div>

    </div>


  </div><!-- .coll-prod-caption -->

  
<div class="ajax-add-to-cart-quick custom-form" style="position:absolute; left:0; right:0; bottom:-10px; justify-content:center;">  
  <select name="quantity" class="addToCartSelect">    
    
    	<option value="1">1</option>
    
    	<option value="2">2</option>
    
    	<option value="3">3</option>
    
    	<option value="4">4</option>
    
    	<option value="5">5</option>
    
    	<option value="6">6</option>
    
    	<option value="7">7</option>
    
    	<option value="8">8</option>
    
    	<option value="9">9</option>
    
    	<option value="10">10</option>
    
    	<option value="11">11</option>
    
    	<option value="12">12</option>
    
    	<option value="13">13</option>
    
    	<option value="14">14</option>
    
    	<option value="15">15</option>
    
    	<option value="16">16</option>
    
    	<option value="17">17</option>
    
    	<option value="18">18</option>
    
    	<option value="19">19</option>
    
    	<option value="20">20</option>
    
  </select>&nbsp; 
  <button class="btn addToCartButton" type="button" name="add" data-id="34407624245307" data-weather="" data-wholesale="" data-cap="12999" data-slider="" data-seafood="" data-juice="" data-mealkit="" data-loosesalad="" data-instorebakery="" data-shortdate="" data-hideinstate="-" style="white-space: nowrap; padding: 10px; height: 35px; width: 75px; letter-spacing: 0;">ADD</button>
</div>

<div class="ajax-update-cart custom-form" style="position:absolute; left:0; right:0; bottom:-10px; justify-content:center; display:none;">
  <a href="javascript:;" class="minusitem"><img src="//cdn.shopify.com/s/files/1/0206/9470/t/232/assets/MinusIcon.jpg?v=8086515874301911391" style="width: 30px; height: 35px;"></a>
  <input type="text" pattern="[0-9.]+" class="ajaxquantity addToCartInput" name="quantity" value="" readonly="" style="display:inline-block">
  <div class="lds-ring"><div></div><div></div><div></div><div></div></div>
  <a href="javascript:;" class="plusitem"><img src="//cdn.shopify.com/s/files/1/0206/9470/t/232/assets/PlusIcon.jpg?v=15674260478820120933" style="width: 30px; height: 35px;"></a>&nbsp; 
  <button class="btn addToCartButton" type="button" name="add" data-id="34407624245307" data-weather="" data-wholesale="" data-cap="12999" data-slider="" data-seafood="" data-juice="" data-mealkit="" data-loosesalad="" data-instorebakery="" data-shortdate="" data-hideinstate="-" style="background: #84D1E8; white-space: nowrap; padding: 10px; height: 35px; letter-spacing: 0;" onclick="window.location='/cart'">IN CART</button>
</div>


</div>

<script>        
  var pickingStore = (!$.cookie("picking_store")) ? 73 : $.cookie("picking_store"); 
  var pickingStoreVariant = "s:"+pickingStore;
  
  for (var i = 0; i < partsOfStr.length; i++){
    var variantArray = partsOfStr[i].split(',');
    var showProduct = false;    
    
    if (variantArray[0].trim() == pickingStoreVariant.trim()){
      showProduct = true;
      productOfOrigin = variantArray[1];
      var special =  variantArray[2]; 
      var additional = variantArray[3];       
      var variantId = variantArray[4];
      var price =  variantArray[5];
      var compareAtPrice = variantArray[6];
      var conversionFactor = $("#product-34407624212539").data("conversion-factor");                               
      var uom = $("#product-34407624212539").data("uom");
      var hideInState = $("#product-34407624212539").data("hideinstate");      
      
      if(additional){                
        $("#product-34407624212539 .additional .sale").html(additional.toUpperCase());
        $("#product-34407624212539 .additional").show();
      }
      
      $("#product-34407624212539 .btn").attr('data-id',variantId);      
      $("#product-34407624212539 .btn").attr('data-cap',compareAtPrice);          
      $("#product-34407624212539 .caption .salecontainer .sale .from_price").html('$' + (variantArray[5]/100).toFixed(2));         
        
      if(special != "Default"){          
        $("#product-34407624212539 .caption .unit_price .from_price").addClass("is-special");            
      }
            
      if (!compareAtPrice){
        if (uom != "" && uom ){ 
          $("#product-34407624212539 .caption .salecontainer .sale .compare_at_price").html('<small>$'+((price*conversionFactor)/100).toFixed(2)+" "+uom+'</small>');
        } 
      }
      else{
        $("#product-34407624212539 .caption .salecontainer .sale .compare_at_price").html('<small>$' + (variantArray[6]/100).toFixed(2) + ' per kg</small>');              
      }
        
      if((parseInt(variantArray[7])<=0) || (hideInState.indexOf(currState) != -1)){
        $("#product-34407624212539 .ajax-add-to-cart-quick").html("<p class='error'>Out of Stock</p>");          
        $("#product-34407624212539 a").css({"pointer-events":"none"});          
        $("#product-34407624212539").remove();
        console.log(variantId + " removed.");            
      }
      else{
        $("#product-34407624212539").addClass("in-stock");
        
        var items = $("#headercartvals").attr("data-items").split(";");

        $.each(items, function(index, item) {
          if (item){ 
            var itemId = item.split("-")[0];
            var itemQty = item.split("-")[1];

            if(variantArray[4] === itemId){
              $("#product-34407624212539").find(".ajax-add-to-cart-quick").hide();
              $("#product-34407624212539").find(".ajax-update-cart .addToCartInput").val(itemQty);
              $("#product-34407624212539").find(".ajax-update-cart").show();
              return;                       
            } 
          }
        });                              
      }      
    }
  }                         
  $(".product-item").not(".in-stock").hide();              
</script>

<script>

    var productId =  null;
    var productObj = null;
    
        productId = "#product-34407624212539";
        productObj = $(productId).find('.product-of-origin');
    

    // product of origin second part of the rule
    if(productOfOrigin == "Default"){
        $(productObj).html("Product of Australia");
    } else if (productOfOrigin == "Packaged in") {
        $(productObj).html("Packed in Australia from Imported Ingredients");
    } else if (productOfOrigin == "Packaged in local") {
        $(productObj).html("Packed in Australia from Imported and Local Ingredients");
    } else if (productOfOrigin == "Made In") {
        $(productObj).html("Made in Australia from Imported Ingredients");
    } else if (productOfOrigin == "Made in local") {
        $(productObj).html("Made in Australia from Imported and Local Ingredients"); 
    } else{
        $(productObj).html("Product of "+ productOfOrigin);
    }

</script> 


        
           








<div class="product-item columns large-2 in-stock" id="product-34407623950395" data-variants="s:1,,,,34407623950395,3500,9999,0;s:73,Australia,,,34407623983163,3500,9999,18;" data-s1="0" data-s73="18" data-sort-tag="" data-shopify-sku="553104" data-uom="per kg" data-conversion-factor="2.85714285714285714" data-hideinstate="-">
  <script>
    var variants = addslashes("s:1,Default,Default,,34407623950395,3500,9999,0;s:73,Australia,Default,,34407623983163,3500,9999,18;"); 
	var partsOfStr = variants.split(';');
  </script>
  
  <div class="collection-image">
    <div class="additional" style="width: 100%; height: auto; position: absolute; left: 0px; top: 0px; background: rgba(183, 183, 183, 0.37); color: white; padding: 4px; display: none">
      <span class="sale" style="font-size: 14px; color: black;"></span></div>
    <a href="/collections/beef/products/origin-meats-wagyu-sirloin-steak-553104">
      <img class="lazyOwl" data-src="//cdn.shopify.com/s/files/1/0206/9470/products/553104-done_large.jpg?v=1616034917" src="//cdn.shopify.com/s/files/1/0206/9470/products/553104-done_medium.jpg?v=1616034917" alt="Origin Meats Wagyu Sirloin Steak MB6-7 | Harris Farm Online" style="height: 100%; width: 100%">
    </a>
  </div>   
  <!-- .coll-image-wrap -->

  <div class="caption">
    
    <div class="box-title">
      
      <p class="title" style="height: 45px; font-size: 12px;">
        <a href="/collections/beef/products/origin-meats-wagyu-sirloin-steak-553104">
          Origin Meats Wagyu Sirloin Steak MB 6-7 280-350g 
        </a>
      </p>
      
      <script>
    var productOfOrigin;
</script>

    
    

    <!-- product of origin first part of the rule -->
    

    
    

    <!-- product of origin first part of the rule -->
    

    
    

    <!-- product of origin first part of the rule -->
    

    
    

    <!-- product of origin first part of the rule -->
    

    
    

    <!-- product of origin first part of the rule -->
    

    
    

    <!-- product of origin first part of the rule -->
    




      <div class="salecontainer">
        <span class="sale">			

          <span class="unit_price"><strong><span class="from_price">$35.00</span> <small>ea</small></strong></span><br>
    		  <span class="compare_at_price unit_price"><small>$99.99 per kg</small></span> 
        </span>
      </div>

    </div>


  </div><!-- .coll-prod-caption -->

  
<div class="ajax-add-to-cart-quick custom-form" style="position:absolute; left:0; right:0; bottom:-10px; justify-content:center;">  
  <select name="quantity" class="addToCartSelect">    
    
    	<option value="1">1</option>
    
    	<option value="2">2</option>
    
    	<option value="3">3</option>
    
    	<option value="4">4</option>
    
    	<option value="5">5</option>
    
    	<option value="6">6</option>
    
    	<option value="7">7</option>
    
    	<option value="8">8</option>
    
    	<option value="9">9</option>
    
    	<option value="10">10</option>
    
    	<option value="11">11</option>
    
    	<option value="12">12</option>
    
    	<option value="13">13</option>
    
    	<option value="14">14</option>
    
    	<option value="15">15</option>
    
    	<option value="16">16</option>
    
    	<option value="17">17</option>
    
    	<option value="18">18</option>
    
    	<option value="19">19</option>
    
    	<option value="20">20</option>
    
  </select>&nbsp; 
  <button class="btn addToCartButton" type="button" name="add" data-id="34407623983163" data-weather="" data-wholesale="" data-cap="9999" data-slider="" data-seafood="" data-juice="" data-mealkit="" data-loosesalad="" data-instorebakery="" data-shortdate="" data-hideinstate="-" style="white-space: nowrap; padding: 10px; height: 35px; width: 75px; letter-spacing: 0;">ADD</button>
</div>

<div class="ajax-update-cart custom-form" style="position:absolute; left:0; right:0; bottom:-10px; justify-content:center; display:none;">
  <a href="javascript:;" class="minusitem"><img src="//cdn.shopify.com/s/files/1/0206/9470/t/232/assets/MinusIcon.jpg?v=8086515874301911391" style="width: 30px; height: 35px;"></a>
  <input type="text" pattern="[0-9.]+" class="ajaxquantity addToCartInput" name="quantity" value="" readonly="" style="display:inline-block">
  <div class="lds-ring"><div></div><div></div><div></div><div></div></div>
  <a href="javascript:;" class="plusitem"><img src="//cdn.shopify.com/s/files/1/0206/9470/t/232/assets/PlusIcon.jpg?v=15674260478820120933" style="width: 30px; height: 35px;"></a>&nbsp; 
  <button class="btn addToCartButton" type="button" name="add" data-id="34407623983163" data-weather="" data-wholesale="" data-cap="9999" data-slider="" data-seafood="" data-juice="" data-mealkit="" data-loosesalad="" data-instorebakery="" data-shortdate="" data-hideinstate="-" style="background: #84D1E8; white-space: nowrap; padding: 10px; height: 35px; letter-spacing: 0;" onclick="window.location='/cart'">IN CART</button>
</div>


</div>

<script>        
  var pickingStore = (!$.cookie("picking_store")) ? 73 : $.cookie("picking_store"); 
  var pickingStoreVariant = "s:"+pickingStore;
  
  for (var i = 0; i < partsOfStr.length; i++){
    var variantArray = partsOfStr[i].split(',');
    var showProduct = false;    
    
    if (variantArray[0].trim() == pickingStoreVariant.trim()){
      showProduct = true;
      productOfOrigin = variantArray[1];
      var special =  variantArray[2]; 
      var additional = variantArray[3];       
      var variantId = variantArray[4];
      var price =  variantArray[5];
      var compareAtPrice = variantArray[6];
      var conversionFactor = $("#product-34407623950395").data("conversion-factor");                               
      var uom = $("#product-34407623950395").data("uom");
      var hideInState = $("#product-34407623950395").data("hideinstate");      
      
      if(additional){                
        $("#product-34407623950395 .additional .sale").html(additional.toUpperCase());
        $("#product-34407623950395 .additional").show();
      }
      
      $("#product-34407623950395 .btn").attr('data-id',variantId);      
      $("#product-34407623950395 .btn").attr('data-cap',compareAtPrice);          
      $("#product-34407623950395 .caption .salecontainer .sale .from_price").html('$' + (variantArray[5]/100).toFixed(2));         
        
      if(special != "Default"){          
        $("#product-34407623950395 .caption .unit_price .from_price").addClass("is-special");            
      }
            
      if (!compareAtPrice){
        if (uom != "" && uom ){ 
          $("#product-34407623950395 .caption .salecontainer .sale .compare_at_price").html('<small>$'+((price*conversionFactor)/100).toFixed(2)+" "+uom+'</small>');
        } 
      }
      else{
        $("#product-34407623950395 .caption .salecontainer .sale .compare_at_price").html('<small>$' + (variantArray[6]/100).toFixed(2) + ' per kg</small>');              
      }
        
      if((parseInt(variantArray[7])<=0) || (hideInState.indexOf(currState) != -1)){
        $("#product-34407623950395 .ajax-add-to-cart-quick").html("<p class='error'>Out of Stock</p>");          
        $("#product-34407623950395 a").css({"pointer-events":"none"});          
        $("#product-34407623950395").remove();
        console.log(variantId + " removed.");            
      }
      else{
        $("#product-34407623950395").addClass("in-stock");
        
        var items = $("#headercartvals").attr("data-items").split(";");

        $.each(items, function(index, item) {
          if (item){ 
            var itemId = item.split("-")[0];
            var itemQty = item.split("-")[1];

            if(variantArray[4] === itemId){
              $("#product-34407623950395").find(".ajax-add-to-cart-quick").hide();
              $("#product-34407623950395").find(".ajax-update-cart .addToCartInput").val(itemQty);
              $("#product-34407623950395").find(".ajax-update-cart").show();
              return;                       
            } 
          }
        });                              
      }      
    }
  }                         
  $(".product-item").not(".in-stock").hide();              
</script>

<script>

    var productId =  null;
    var productObj = null;
    
        productId = "#product-34407623950395";
        productObj = $(productId).find('.product-of-origin');
    

    // product of origin second part of the rule
    if(productOfOrigin == "Default"){
        $(productObj).html("Product of Australia");
    } else if (productOfOrigin == "Packaged in") {
        $(productObj).html("Packed in Australia from Imported Ingredients");
    } else if (productOfOrigin == "Packaged in local") {
        $(productObj).html("Packed in Australia from Imported and Local Ingredients");
    } else if (productOfOrigin == "Made In") {
        $(productObj).html("Made in Australia from Imported Ingredients");
    } else if (productOfOrigin == "Made in local") {
        $(productObj).html("Made in Australia from Imported and Local Ingredients"); 
    } else{
        $(productObj).html("Product of "+ productOfOrigin);
    }

</script> 


        
           








<div class="product-item columns large-2 in-stock" id="product-21286650576955" data-variants="s:1,,,,21286650576955,899,,0;s:73,Australia,,,21286650609723,899,,6;" data-s1="0" data-s73="6" data-sort-tag="" data-shopify-sku="553357" data-uom="per kg" data-conversion-factor="2.22222222222222222" data-hideinstate="-">
  <script>
    var variants = addslashes("s:1,Default,Default,,21286650576955,899,,0;s:73,Australia,Default,,21286650609723,899,,6;"); 
	var partsOfStr = variants.split(';');
  </script>
  
  <div class="collection-image">
    <div class="additional" style="width: 100%; height: auto; position: absolute; left: 0px; top: 0px; background: rgba(183, 183, 183, 0.37); color: white; padding: 4px; display: none">
      <span class="sale" style="font-size: 14px; color: black;"></span></div>
    <a href="/collections/beef/products/peppercorn-sausages-beef-chipolatas-extra-lean">
      <img class="lazyOwl" data-src="//cdn.shopify.com/s/files/1/0206/9470/products/602503-done_2d3eaba4-c35b-4355-97e7-c7524586f9de_large.jpg?v=1565995726" src="//cdn.shopify.com/s/files/1/0206/9470/products/602503-done_2d3eaba4-c35b-4355-97e7-c7524586f9de_medium.jpg?v=1565995726" alt="Peppercorn Extra Lean Beef Chipolatas 450g" style="height: 100%; width: 100%">
    </a>
  </div>   
  <!-- .coll-image-wrap -->

  <div class="caption">
    
    <div class="box-title">
      
      <p class="title" style="height: 45px; font-size: 12px;">
        <a href="/collections/beef/products/peppercorn-sausages-beef-chipolatas-extra-lean">
          Peppercorn Extra Lean Beef Chipolatas 450g 
        </a>
      </p>
      
      <script>
    var productOfOrigin;
</script>

    
    

    <!-- product of origin first part of the rule -->
    

    
    

    <!-- product of origin first part of the rule -->
    

    
    

    <!-- product of origin first part of the rule -->
    

    
    

    <!-- product of origin first part of the rule -->
    

    
    

    <!-- product of origin first part of the rule -->
    

    
    

    <!-- product of origin first part of the rule -->
    

    
    

    <!-- product of origin first part of the rule -->
    

    
    

    <!-- product of origin first part of the rule -->
    

    
    

    <!-- product of origin first part of the rule -->
    

    
    

    <!-- product of origin first part of the rule -->
    

    
    

    <!-- product of origin first part of the rule -->
    

    
    

    <!-- product of origin first part of the rule -->
    

    
    

    <!-- product of origin first part of the rule -->
    




      <div class="salecontainer">
        <span class="sale">			

          <span class="unit_price"><strong><span class="from_price">$8.99</span> <small>ea</small></strong></span><br>
    		  <span class="compare_at_price unit_price"><small>$19.98 per kg</small></span> 
        </span>
      </div>

    </div>


  </div><!-- .coll-prod-caption -->

  
<div class="ajax-add-to-cart-quick custom-form" style="position:absolute; left:0; right:0; bottom:-10px; justify-content:center;">  
  <select name="quantity" class="addToCartSelect">    
    
    	<option value="1">1</option>
    
    	<option value="2">2</option>
    
    	<option value="3">3</option>
    
    	<option value="4">4</option>
    
    	<option value="5">5</option>
    
    	<option value="6">6</option>
    
    	<option value="7">7</option>
    
    	<option value="8">8</option>
    
    	<option value="9">9</option>
    
    	<option value="10">10</option>
    
    	<option value="11">11</option>
    
    	<option value="12">12</option>
    
    	<option value="13">13</option>
    
    	<option value="14">14</option>
    
    	<option value="15">15</option>
    
    	<option value="16">16</option>
    
    	<option value="17">17</option>
    
    	<option value="18">18</option>
    
    	<option value="19">19</option>
    
    	<option value="20">20</option>
    
  </select>&nbsp; 
  <button class="btn addToCartButton" type="button" name="add" data-id="21286650609723" data-weather="" data-wholesale="" data-cap="" data-slider="" data-seafood="" data-juice="" data-mealkit="" data-loosesalad="" data-instorebakery="" data-shortdate="" data-hideinstate="-" style="white-space: nowrap; padding: 10px; height: 35px; width: 75px; letter-spacing: 0;">ADD</button>
</div>

<div class="ajax-update-cart custom-form" style="position:absolute; left:0; right:0; bottom:-10px; justify-content:center; display:none;">
  <a href="javascript:;" class="minusitem"><img src="//cdn.shopify.com/s/files/1/0206/9470/t/232/assets/MinusIcon.jpg?v=8086515874301911391" style="width: 30px; height: 35px;"></a>
  <input type="text" pattern="[0-9.]+" class="ajaxquantity addToCartInput" name="quantity" value="" readonly="" style="display:inline-block">
  <div class="lds-ring"><div></div><div></div><div></div><div></div></div>
  <a href="javascript:;" class="plusitem"><img src="//cdn.shopify.com/s/files/1/0206/9470/t/232/assets/PlusIcon.jpg?v=15674260478820120933" style="width: 30px; height: 35px;"></a>&nbsp; 
  <button class="btn addToCartButton" type="button" name="add" data-id="21286650609723" data-weather="" data-wholesale="" data-cap="" data-slider="" data-seafood="" data-juice="" data-mealkit="" data-loosesalad="" data-instorebakery="" data-shortdate="" data-hideinstate="-" style="background: #84D1E8; white-space: nowrap; padding: 10px; height: 35px; letter-spacing: 0;" onclick="window.location='/cart'">IN CART</button>
</div>


</div>

<script>        
  var pickingStore = (!$.cookie("picking_store")) ? 73 : $.cookie("picking_store"); 
  var pickingStoreVariant = "s:"+pickingStore;
  
  for (var i = 0; i < partsOfStr.length; i++){
    var variantArray = partsOfStr[i].split(',');
    var showProduct = false;    
    
    if (variantArray[0].trim() == pickingStoreVariant.trim()){
      showProduct = true;
      productOfOrigin = variantArray[1];
      var special =  variantArray[2]; 
      var additional = variantArray[3];       
      var variantId = variantArray[4];
      var price =  variantArray[5];
      var compareAtPrice = variantArray[6];
      var conversionFactor = $("#product-21286650576955").data("conversion-factor");                               
      var uom = $("#product-21286650576955").data("uom");
      var hideInState = $("#product-21286650576955").data("hideinstate");      
      
      if(additional){                
        $("#product-21286650576955 .additional .sale").html(additional.toUpperCase());
        $("#product-21286650576955 .additional").show();
      }
      
      $("#product-21286650576955 .btn").attr('data-id',variantId);      
      $("#product-21286650576955 .btn").attr('data-cap',compareAtPrice);          
      $("#product-21286650576955 .caption .salecontainer .sale .from_price").html('$' + (variantArray[5]/100).toFixed(2));         
        
      if(special != "Default"){          
        $("#product-21286650576955 .caption .unit_price .from_price").addClass("is-special");            
      }
            
      if (!compareAtPrice){
        if (uom != "" && uom ){ 
          $("#product-21286650576955 .caption .salecontainer .sale .compare_at_price").html('<small>$'+((price*conversionFactor)/100).toFixed(2)+" "+uom+'</small>');
        } 
      }
      else{
        $("#product-21286650576955 .caption .salecontainer .sale .compare_at_price").html('<small>$' + (variantArray[6]/100).toFixed(2) + ' per kg</small>');              
      }
        
      if((parseInt(variantArray[7])<=0) || (hideInState.indexOf(currState) != -1)){
        $("#product-21286650576955 .ajax-add-to-cart-quick").html("<p class='error'>Out of Stock</p>");          
        $("#product-21286650576955 a").css({"pointer-events":"none"});          
        $("#product-21286650576955").remove();
        console.log(variantId + " removed.");            
      }
      else{
        $("#product-21286650576955").addClass("in-stock");
        
        var items = $("#headercartvals").attr("data-items").split(";");

        $.each(items, function(index, item) {
          if (item){ 
            var itemId = item.split("-")[0];
            var itemQty = item.split("-")[1];

            if(variantArray[4] === itemId){
              $("#product-21286650576955").find(".ajax-add-to-cart-quick").hide();
              $("#product-21286650576955").find(".ajax-update-cart .addToCartInput").val(itemQty);
              $("#product-21286650576955").find(".ajax-update-cart").show();
              return;                       
            } 
          }
        });                              
      }      
    }
  }                         
  $(".product-item").not(".in-stock").hide();              
</script>

<script>

    var productId =  null;
    var productObj = null;
    
        productId = "#product-21286650576955";
        productObj = $(productId).find('.product-of-origin');
    

    // product of origin second part of the rule
    if(productOfOrigin == "Default"){
        $(productObj).html("Product of Australia");
    } else if (productOfOrigin == "Packaged in") {
        $(productObj).html("Packed in Australia from Imported Ingredients");
    } else if (productOfOrigin == "Packaged in local") {
        $(productObj).html("Packed in Australia from Imported and Local Ingredients");
    } else if (productOfOrigin == "Made In") {
        $(productObj).html("Made in Australia from Imported Ingredients");
    } else if (productOfOrigin == "Made in local") {
        $(productObj).html("Made in Australia from Imported and Local Ingredients"); 
    } else{
        $(productObj).html("Product of "+ productOfOrigin);
    }

</script> 


        
           








<div class="product-item columns large-2 in-stock" id="product-21305867436091" data-variants="s:1,,,,21305867436091,899,,0;s:73,Australia,,,21305867468859,899,,6;" data-s1="0" data-s73="6" data-sort-tag="" data-shopify-sku="553356" data-uom="per kg" data-conversion-factor="2.22222222222222222" data-hideinstate="-">
  <script>
    var variants = addslashes("s:1,Default,Default,,21305867436091,899,,0;s:73,Australia,Default,,21305867468859,899,,6;"); 
	var partsOfStr = variants.split(';');
  </script>
  
  <div class="collection-image">
    <div class="additional" style="width: 100%; height: auto; position: absolute; left: 0px; top: 0px; background: rgba(183, 183, 183, 0.37); color: white; padding: 4px; display: none">
      <span class="sale" style="font-size: 14px; color: black;"></span></div>
    <a href="/collections/beef/products/peppercorn-sausages-beef-extra-lean-553356">
      <img class="lazyOwl" data-src="//cdn.shopify.com/s/files/1/0206/9470/products/605536-done_large.jpg?v=1594794453" src="//cdn.shopify.com/s/files/1/0206/9470/products/605536-done_medium.jpg?v=1594794453" alt="Peppercorn Beef Sausages - Extra Lean | Harris Farm Online" style="height: 100%; width: 100%">
    </a>
  </div>   
  <!-- .coll-image-wrap -->

  <div class="caption">
    
    <div class="box-title">
      
      <p class="title" style="height: 45px; font-size: 12px;">
        <a href="/collections/beef/products/peppercorn-sausages-beef-extra-lean-553356">
          Peppercorn Extra Lean Beef Sausages 450g 
        </a>
      </p>
      
      <script>
    var productOfOrigin;
</script>

    
    

    <!-- product of origin first part of the rule -->
    

    
    

    <!-- product of origin first part of the rule -->
    

    
    

    <!-- product of origin first part of the rule -->
    

    
    

    <!-- product of origin first part of the rule -->
    

    
    

    <!-- product of origin first part of the rule -->
    

    
    

    <!-- product of origin first part of the rule -->
    

    
    

    <!-- product of origin first part of the rule -->
    

    
    

    <!-- product of origin first part of the rule -->
    

    
    

    <!-- product of origin first part of the rule -->
    




      <div class="salecontainer">
        <span class="sale">			

          <span class="unit_price"><strong><span class="from_price">$8.99</span> <small>ea</small></strong></span><br>
    		  <span class="compare_at_price unit_price"><small>$19.98 per kg</small></span> 
        </span>
      </div>

    </div>


  </div><!-- .coll-prod-caption -->

  
<div class="ajax-add-to-cart-quick custom-form" style="position:absolute; left:0; right:0; bottom:-10px; justify-content:center;">  
  <select name="quantity" class="addToCartSelect">    
    
    	<option value="1">1</option>
    
    	<option value="2">2</option>
    
    	<option value="3">3</option>
    
    	<option value="4">4</option>
    
    	<option value="5">5</option>
    
    	<option value="6">6</option>
    
    	<option value="7">7</option>
    
    	<option value="8">8</option>
    
    	<option value="9">9</option>
    
    	<option value="10">10</option>
    
    	<option value="11">11</option>
    
    	<option value="12">12</option>
    
    	<option value="13">13</option>
    
    	<option value="14">14</option>
    
    	<option value="15">15</option>
    
    	<option value="16">16</option>
    
    	<option value="17">17</option>
    
    	<option value="18">18</option>
    
    	<option value="19">19</option>
    
    	<option value="20">20</option>
    
  </select>&nbsp; 
  <button class="btn addToCartButton" type="button" name="add" data-id="21305867468859" data-weather="" data-wholesale="" data-cap="" data-slider="" data-seafood="" data-juice="" data-mealkit="" data-loosesalad="" data-instorebakery="" data-shortdate="" data-hideinstate="-" style="white-space: nowrap; padding: 10px; height: 35px; width: 75px; letter-spacing: 0;">ADD</button>
</div>

<div class="ajax-update-cart custom-form" style="position:absolute; left:0; right:0; bottom:-10px; justify-content:center; display:none;">
  <a href="javascript:;" class="minusitem"><img src="//cdn.shopify.com/s/files/1/0206/9470/t/232/assets/MinusIcon.jpg?v=8086515874301911391" style="width: 30px; height: 35px;"></a>
  <input type="text" pattern="[0-9.]+" class="ajaxquantity addToCartInput" name="quantity" value="" readonly="" style="display:inline-block">
  <div class="lds-ring"><div></div><div></div><div></div><div></div></div>
  <a href="javascript:;" class="plusitem"><img src="//cdn.shopify.com/s/files/1/0206/9470/t/232/assets/PlusIcon.jpg?v=15674260478820120933" style="width: 30px; height: 35px;"></a>&nbsp; 
  <button class="btn addToCartButton" type="button" name="add" data-id="21305867468859" data-weather="" data-wholesale="" data-cap="" data-slider="" data-seafood="" data-juice="" data-mealkit="" data-loosesalad="" data-instorebakery="" data-shortdate="" data-hideinstate="-" style="background: #84D1E8; white-space: nowrap; padding: 10px; height: 35px; letter-spacing: 0;" onclick="window.location='/cart'">IN CART</button>
</div>


</div>

<script>        
  var pickingStore = (!$.cookie("picking_store")) ? 73 : $.cookie("picking_store"); 
  var pickingStoreVariant = "s:"+pickingStore;
  
  for (var i = 0; i < partsOfStr.length; i++){
    var variantArray = partsOfStr[i].split(',');
    var showProduct = false;    
    
    if (variantArray[0].trim() == pickingStoreVariant.trim()){
      showProduct = true;
      productOfOrigin = variantArray[1];
      var special =  variantArray[2]; 
      var additional = variantArray[3];       
      var variantId = variantArray[4];
      var price =  variantArray[5];
      var compareAtPrice = variantArray[6];
      var conversionFactor = $("#product-21305867436091").data("conversion-factor");                               
      var uom = $("#product-21305867436091").data("uom");
      var hideInState = $("#product-21305867436091").data("hideinstate");      
      
      if(additional){                
        $("#product-21305867436091 .additional .sale").html(additional.toUpperCase());
        $("#product-21305867436091 .additional").show();
      }
      
      $("#product-21305867436091 .btn").attr('data-id',variantId);      
      $("#product-21305867436091 .btn").attr('data-cap',compareAtPrice);          
      $("#product-21305867436091 .caption .salecontainer .sale .from_price").html('$' + (variantArray[5]/100).toFixed(2));         
        
      if(special != "Default"){          
        $("#product-21305867436091 .caption .unit_price .from_price").addClass("is-special");            
      }
            
      if (!compareAtPrice){
        if (uom != "" && uom ){ 
          $("#product-21305867436091 .caption .salecontainer .sale .compare_at_price").html('<small>$'+((price*conversionFactor)/100).toFixed(2)+" "+uom+'</small>');
        } 
      }
      else{
        $("#product-21305867436091 .caption .salecontainer .sale .compare_at_price").html('<small>$' + (variantArray[6]/100).toFixed(2) + ' per kg</small>');              
      }
        
      if((parseInt(variantArray[7])<=0) || (hideInState.indexOf(currState) != -1)){
        $("#product-21305867436091 .ajax-add-to-cart-quick").html("<p class='error'>Out of Stock</p>");          
        $("#product-21305867436091 a").css({"pointer-events":"none"});          
        $("#product-21305867436091").remove();
        console.log(variantId + " removed.");            
      }
      else{
        $("#product-21305867436091").addClass("in-stock");
        
        var items = $("#headercartvals").attr("data-items").split(";");

        $.each(items, function(index, item) {
          if (item){ 
            var itemId = item.split("-")[0];
            var itemQty = item.split("-")[1];

            if(variantArray[4] === itemId){
              $("#product-21305867436091").find(".ajax-add-to-cart-quick").hide();
              $("#product-21305867436091").find(".ajax-update-cart .addToCartInput").val(itemQty);
              $("#product-21305867436091").find(".ajax-update-cart").show();
              return;                       
            } 
          }
        });                              
      }      
    }
  }                         
  $(".product-item").not(".in-stock").hide();              
</script>

<script>

    var productId =  null;
    var productObj = null;
    
        productId = "#product-21305867436091";
        productObj = $(productId).find('.product-of-origin');
    

    // product of origin second part of the rule
    if(productOfOrigin == "Default"){
        $(productObj).html("Product of Australia");
    } else if (productOfOrigin == "Packaged in") {
        $(productObj).html("Packed in Australia from Imported Ingredients");
    } else if (productOfOrigin == "Packaged in local") {
        $(productObj).html("Packed in Australia from Imported and Local Ingredients");
    } else if (productOfOrigin == "Made In") {
        $(productObj).html("Made in Australia from Imported Ingredients");
    } else if (productOfOrigin == "Made in local") {
        $(productObj).html("Made in Australia from Imported and Local Ingredients"); 
    } else{
        $(productObj).html("Product of "+ productOfOrigin);
    }

</script> 


        
           








<div class="product-item columns large-2 in-stock" id="product-33313247821883" data-variants="s:1,Australia,,,33313247821883,4289,7799,0;s:73,Australia,,,33313247887419,4289,7799,6;" data-s1="0" data-s73="6" data-sort-tag="" data-shopify-sku="602099" data-uom="per kg" data-conversion-factor="1.81818181818181818" data-hideinstate="-">
  <script>
    var variants = addslashes("s:1,Australia,Default,,33313247821883,4289,7799,0;s:73,Australia,Default,,33313247887419,4289,7799,6;"); 
	var partsOfStr = variants.split(';');
  </script>
  
  <div class="collection-image">
    <div class="additional" style="width: 100%; height: auto; position: absolute; left: 0px; top: 0px; background: rgba(183, 183, 183, 0.37); color: white; padding: 4px; display: none">
      <span class="sale" style="font-size: 14px; color: black;"></span></div>
    <a href="/collections/beef/products/provenir-angus-beef-eye-fillet-steak-602099">
      <img class="lazyOwl" data-src="//cdn.shopify.com/s/files/1/0206/9470/products/602099-done_large.jpg?v=1612821060" src="//cdn.shopify.com/s/files/1/0206/9470/products/602099-done_medium.jpg?v=1612821060" alt="Provenir Angus Beef Eye Fillet Steak | Harris Farm Online" style="height: 100%; width: 100%">
    </a>
  </div>   
  <!-- .coll-image-wrap -->

  <div class="caption">
    
    <div class="box-title">
      
      <p class="title" style="height: 45px; font-size: 12px;">
        <a href="/collections/beef/products/provenir-angus-beef-eye-fillet-steak-602099">
          Provenir Beef Eye Fillet Steaks 400-550g 
        </a>
      </p>
      
      <script>
    var productOfOrigin;
</script>

    
    

    <!-- product of origin first part of the rule -->
    

    
    

    <!-- product of origin first part of the rule -->
    

    
    

    <!-- product of origin first part of the rule -->
    

    
    

    <!-- product of origin first part of the rule -->
    

    
    

    <!-- product of origin first part of the rule -->
    

    
    

    <!-- product of origin first part of the rule -->
    

    
    

    <!-- product of origin first part of the rule -->
    

    
    

    <!-- product of origin first part of the rule -->
    

    
    

    <!-- product of origin first part of the rule -->
    

    
    

    <!-- product of origin first part of the rule -->
    




      <div class="salecontainer">
        <span class="sale">			

          <span class="unit_price"><strong><span class="from_price">$42.89</span> <small>ea</small></strong></span><br>
    		  <span class="compare_at_price unit_price"><small>$77.99 per kg</small></span> 
        </span>
      </div>

    </div>


  </div><!-- .coll-prod-caption -->

  
<div class="ajax-add-to-cart-quick custom-form" style="position:absolute; left:0; right:0; bottom:-10px; justify-content:center;">  
  <select name="quantity" class="addToCartSelect">    
    
    	<option value="1">1</option>
    
    	<option value="2">2</option>
    
    	<option value="3">3</option>
    
    	<option value="4">4</option>
    
    	<option value="5">5</option>
    
    	<option value="6">6</option>
    
    	<option value="7">7</option>
    
    	<option value="8">8</option>
    
    	<option value="9">9</option>
    
    	<option value="10">10</option>
    
    	<option value="11">11</option>
    
    	<option value="12">12</option>
    
    	<option value="13">13</option>
    
    	<option value="14">14</option>
    
    	<option value="15">15</option>
    
    	<option value="16">16</option>
    
    	<option value="17">17</option>
    
    	<option value="18">18</option>
    
    	<option value="19">19</option>
    
    	<option value="20">20</option>
    
  </select>&nbsp; 
  <button class="btn addToCartButton" type="button" name="add" data-id="33313247887419" data-weather="" data-wholesale="" data-cap="7799" data-slider="" data-seafood="" data-juice="" data-mealkit="" data-loosesalad="" data-instorebakery="" data-shortdate="" data-hideinstate="-" style="white-space: nowrap; padding: 10px; height: 35px; width: 75px; letter-spacing: 0;">ADD</button>
</div>

<div class="ajax-update-cart custom-form" style="position:absolute; left:0; right:0; bottom:-10px; justify-content:center; display:none;">
  <a href="javascript:;" class="minusitem"><img src="//cdn.shopify.com/s/files/1/0206/9470/t/232/assets/MinusIcon.jpg?v=8086515874301911391" style="width: 30px; height: 35px;"></a>
  <input type="text" pattern="[0-9.]+" class="ajaxquantity addToCartInput" name="quantity" value="" readonly="" style="display:inline-block">
  <div class="lds-ring"><div></div><div></div><div></div><div></div></div>
  <a href="javascript:;" class="plusitem"><img src="//cdn.shopify.com/s/files/1/0206/9470/t/232/assets/PlusIcon.jpg?v=15674260478820120933" style="width: 30px; height: 35px;"></a>&nbsp; 
  <button class="btn addToCartButton" type="button" name="add" data-id="33313247887419" data-weather="" data-wholesale="" data-cap="7799" data-slider="" data-seafood="" data-juice="" data-mealkit="" data-loosesalad="" data-instorebakery="" data-shortdate="" data-hideinstate="-" style="background: #84D1E8; white-space: nowrap; padding: 10px; height: 35px; letter-spacing: 0;" onclick="window.location='/cart'">IN CART</button>
</div>


</div>

<script>        
  var pickingStore = (!$.cookie("picking_store")) ? 73 : $.cookie("picking_store"); 
  var pickingStoreVariant = "s:"+pickingStore;
  
  for (var i = 0; i < partsOfStr.length; i++){
    var variantArray = partsOfStr[i].split(',');
    var showProduct = false;    
    
    if (variantArray[0].trim() == pickingStoreVariant.trim()){
      showProduct = true;
      productOfOrigin = variantArray[1];
      var special =  variantArray[2]; 
      var additional = variantArray[3];       
      var variantId = variantArray[4];
      var price =  variantArray[5];
      var compareAtPrice = variantArray[6];
      var conversionFactor = $("#product-33313247821883").data("conversion-factor");                               
      var uom = $("#product-33313247821883").data("uom");
      var hideInState = $("#product-33313247821883").data("hideinstate");      
      
      if(additional){                
        $("#product-33313247821883 .additional .sale").html(additional.toUpperCase());
        $("#product-33313247821883 .additional").show();
      }
      
      $("#product-33313247821883 .btn").attr('data-id',variantId);      
      $("#product-33313247821883 .btn").attr('data-cap',compareAtPrice);          
      $("#product-33313247821883 .caption .salecontainer .sale .from_price").html('$' + (variantArray[5]/100).toFixed(2));         
        
      if(special != "Default"){          
        $("#product-33313247821883 .caption .unit_price .from_price").addClass("is-special");            
      }
            
      if (!compareAtPrice){
        if (uom != "" && uom ){ 
          $("#product-33313247821883 .caption .salecontainer .sale .compare_at_price").html('<small>$'+((price*conversionFactor)/100).toFixed(2)+" "+uom+'</small>');
        } 
      }
      else{
        $("#product-33313247821883 .caption .salecontainer .sale .compare_at_price").html('<small>$' + (variantArray[6]/100).toFixed(2) + ' per kg</small>');              
      }
        
      if((parseInt(variantArray[7])<=0) || (hideInState.indexOf(currState) != -1)){
        $("#product-33313247821883 .ajax-add-to-cart-quick").html("<p class='error'>Out of Stock</p>");          
        $("#product-33313247821883 a").css({"pointer-events":"none"});          
        $("#product-33313247821883").remove();
        console.log(variantId + " removed.");            
      }
      else{
        $("#product-33313247821883").addClass("in-stock");
        
        var items = $("#headercartvals").attr("data-items").split(";");

        $.each(items, function(index, item) {
          if (item){ 
            var itemId = item.split("-")[0];
            var itemQty = item.split("-")[1];

            if(variantArray[4] === itemId){
              $("#product-33313247821883").find(".ajax-add-to-cart-quick").hide();
              $("#product-33313247821883").find(".ajax-update-cart .addToCartInput").val(itemQty);
              $("#product-33313247821883").find(".ajax-update-cart").show();
              return;                       
            } 
          }
        });                              
      }      
    }
  }                         
  $(".product-item").not(".in-stock").hide();              
</script>

<script>

    var productId =  null;
    var productObj = null;
    
        productId = "#product-33313247821883";
        productObj = $(productId).find('.product-of-origin');
    

    // product of origin second part of the rule
    if(productOfOrigin == "Default"){
        $(productObj).html("Product of Australia");
    } else if (productOfOrigin == "Packaged in") {
        $(productObj).html("Packed in Australia from Imported Ingredients");
    } else if (productOfOrigin == "Packaged in local") {
        $(productObj).html("Packed in Australia from Imported and Local Ingredients");
    } else if (productOfOrigin == "Made In") {
        $(productObj).html("Made in Australia from Imported Ingredients");
    } else if (productOfOrigin == "Made in local") {
        $(productObj).html("Made in Australia from Imported and Local Ingredients"); 
    } else{
        $(productObj).html("Product of "+ productOfOrigin);
    }

</script> 


        
           








<div class="product-item columns large-2 in-stock" id="product-33313397801019" data-variants="s:1,Australia,,,33313397801019,1979,3599,0;s:73,Australia,,,33313397833787,1979,3599,8;" data-s1="0" data-s73="8" data-sort-tag="" data-shopify-sku="602105" data-uom="per kg" data-conversion-factor="1.81818181818181818" data-hideinstate="-">
  <script>
    var variants = addslashes("s:1,Australia,Default,,33313397801019,1979,3599,0;s:73,Australia,Default,,33313397833787,1979,3599,8;"); 
	var partsOfStr = variants.split(';');
  </script>
  
  <div class="collection-image">
    <div class="additional" style="width: 100%; height: auto; position: absolute; left: 0px; top: 0px; background: rgba(183, 183, 183, 0.37); color: white; padding: 4px; display: none">
      <span class="sale" style="font-size: 14px; color: black;"></span></div>
    <a href="/collections/beef/products/provenir-beef-flat-iron-steak">
      <img class="lazyOwl" data-src="//cdn.shopify.com/s/files/1/0206/9470/products/602105-done_large.jpg?v=1612821317" src="//cdn.shopify.com/s/files/1/0206/9470/products/602105-done_medium.jpg?v=1612821317" alt="Provenir Flat Iron Steak | Harris Farm Online" style="height: 100%; width: 100%">
    </a>
  </div>   
  <!-- .coll-image-wrap -->

  <div class="caption">
    
    <div class="box-title">
      
      <p class="title" style="height: 45px; font-size: 12px;">
        <a href="/collections/beef/products/provenir-beef-flat-iron-steak">
          Provenir Beef Flat Iron Steak 350-550g 
        </a>
      </p>
      
      <script>
    var productOfOrigin;
</script>

    
    

    <!-- product of origin first part of the rule -->
    

    
    

    <!-- product of origin first part of the rule -->
    

    
    

    <!-- product of origin first part of the rule -->
    

    
    

    <!-- product of origin first part of the rule -->
    

    
    

    <!-- product of origin first part of the rule -->
    

    
    

    <!-- product of origin first part of the rule -->
    

    
    

    <!-- product of origin first part of the rule -->
    

    
    

    <!-- product of origin first part of the rule -->
    

    
    

    <!-- product of origin first part of the rule -->
    

    
    

    <!-- product of origin first part of the rule -->
    




      <div class="salecontainer">
        <span class="sale">			

          <span class="unit_price"><strong><span class="from_price">$19.79</span> <small>ea</small></strong></span><br>
    		  <span class="compare_at_price unit_price"><small>$35.99 per kg</small></span> 
        </span>
      </div>

    </div>


  </div><!-- .coll-prod-caption -->

  
<div class="ajax-add-to-cart-quick custom-form" style="position:absolute; left:0; right:0; bottom:-10px; justify-content:center;">  
  <select name="quantity" class="addToCartSelect">    
    
    	<option value="1">1</option>
    
    	<option value="2">2</option>
    
    	<option value="3">3</option>
    
    	<option value="4">4</option>
    
    	<option value="5">5</option>
    
    	<option value="6">6</option>
    
    	<option value="7">7</option>
    
    	<option value="8">8</option>
    
    	<option value="9">9</option>
    
    	<option value="10">10</option>
    
    	<option value="11">11</option>
    
    	<option value="12">12</option>
    
    	<option value="13">13</option>
    
    	<option value="14">14</option>
    
    	<option value="15">15</option>
    
    	<option value="16">16</option>
    
    	<option value="17">17</option>
    
    	<option value="18">18</option>
    
    	<option value="19">19</option>
    
    	<option value="20">20</option>
    
  </select>&nbsp; 
  <button class="btn addToCartButton" type="button" name="add" data-id="33313397833787" data-weather="" data-wholesale="" data-cap="3599" data-slider="" data-seafood="" data-juice="" data-mealkit="" data-loosesalad="" data-instorebakery="" data-shortdate="" data-hideinstate="-" style="white-space: nowrap; padding: 10px; height: 35px; width: 75px; letter-spacing: 0;">ADD</button>
</div>

<div class="ajax-update-cart custom-form" style="position:absolute; left:0; right:0; bottom:-10px; justify-content:center; display:none;">
  <a href="javascript:;" class="minusitem"><img src="//cdn.shopify.com/s/files/1/0206/9470/t/232/assets/MinusIcon.jpg?v=8086515874301911391" style="width: 30px; height: 35px;"></a>
  <input type="text" pattern="[0-9.]+" class="ajaxquantity addToCartInput" name="quantity" value="" readonly="" style="display:inline-block">
  <div class="lds-ring"><div></div><div></div><div></div><div></div></div>
  <a href="javascript:;" class="plusitem"><img src="//cdn.shopify.com/s/files/1/0206/9470/t/232/assets/PlusIcon.jpg?v=15674260478820120933" style="width: 30px; height: 35px;"></a>&nbsp; 
  <button class="btn addToCartButton" type="button" name="add" data-id="33313397833787" data-weather="" data-wholesale="" data-cap="3599" data-slider="" data-seafood="" data-juice="" data-mealkit="" data-loosesalad="" data-instorebakery="" data-shortdate="" data-hideinstate="-" style="background: #84D1E8; white-space: nowrap; padding: 10px; height: 35px; letter-spacing: 0;" onclick="window.location='/cart'">IN CART</button>
</div>


</div>

<script>        
  var pickingStore = (!$.cookie("picking_store")) ? 73 : $.cookie("picking_store"); 
  var pickingStoreVariant = "s:"+pickingStore;
  
  for (var i = 0; i < partsOfStr.length; i++){
    var variantArray = partsOfStr[i].split(',');
    var showProduct = false;    
    
    if (variantArray[0].trim() == pickingStoreVariant.trim()){
      showProduct = true;
      productOfOrigin = variantArray[1];
      var special =  variantArray[2]; 
      var additional = variantArray[3];       
      var variantId = variantArray[4];
      var price =  variantArray[5];
      var compareAtPrice = variantArray[6];
      var conversionFactor = $("#product-33313397801019").data("conversion-factor");                               
      var uom = $("#product-33313397801019").data("uom");
      var hideInState = $("#product-33313397801019").data("hideinstate");      
      
      if(additional){                
        $("#product-33313397801019 .additional .sale").html(additional.toUpperCase());
        $("#product-33313397801019 .additional").show();
      }
      
      $("#product-33313397801019 .btn").attr('data-id',variantId);      
      $("#product-33313397801019 .btn").attr('data-cap',compareAtPrice);          
      $("#product-33313397801019 .caption .salecontainer .sale .from_price").html('$' + (variantArray[5]/100).toFixed(2));         
        
      if(special != "Default"){          
        $("#product-33313397801019 .caption .unit_price .from_price").addClass("is-special");            
      }
            
      if (!compareAtPrice){
        if (uom != "" && uom ){ 
          $("#product-33313397801019 .caption .salecontainer .sale .compare_at_price").html('<small>$'+((price*conversionFactor)/100).toFixed(2)+" "+uom+'</small>');
        } 
      }
      else{
        $("#product-33313397801019 .caption .salecontainer .sale .compare_at_price").html('<small>$' + (variantArray[6]/100).toFixed(2) + ' per kg</small>');              
      }
        
      if((parseInt(variantArray[7])<=0) || (hideInState.indexOf(currState) != -1)){
        $("#product-33313397801019 .ajax-add-to-cart-quick").html("<p class='error'>Out of Stock</p>");          
        $("#product-33313397801019 a").css({"pointer-events":"none"});          
        $("#product-33313397801019").remove();
        console.log(variantId + " removed.");            
      }
      else{
        $("#product-33313397801019").addClass("in-stock");
        
        var items = $("#headercartvals").attr("data-items").split(";");

        $.each(items, function(index, item) {
          if (item){ 
            var itemId = item.split("-")[0];
            var itemQty = item.split("-")[1];

            if(variantArray[4] === itemId){
              $("#product-33313397801019").find(".ajax-add-to-cart-quick").hide();
              $("#product-33313397801019").find(".ajax-update-cart .addToCartInput").val(itemQty);
              $("#product-33313397801019").find(".ajax-update-cart").show();
              return;                       
            } 
          }
        });                              
      }      
    }
  }                         
  $(".product-item").not(".in-stock").hide();              
</script>

<script>

    var productId =  null;
    var productObj = null;
    
        productId = "#product-33313397801019";
        productObj = $(productId).find('.product-of-origin');
    

    // product of origin second part of the rule
    if(productOfOrigin == "Default"){
        $(productObj).html("Product of Australia");
    } else if (productOfOrigin == "Packaged in") {
        $(productObj).html("Packed in Australia from Imported Ingredients");
    } else if (productOfOrigin == "Packaged in local") {
        $(productObj).html("Packed in Australia from Imported and Local Ingredients");
    } else if (productOfOrigin == "Made In") {
        $(productObj).html("Made in Australia from Imported Ingredients");
    } else if (productOfOrigin == "Made in local") {
        $(productObj).html("Made in Australia from Imported and Local Ingredients"); 
    } else{
        $(productObj).html("Product of "+ productOfOrigin);
    }

</script> 


        
           








<div class="product-item columns large-2 in-stock" id="product-34415959048251" data-variants="s:1,,,,34415959048251,1374,2499,0;s:73,Australia,,,34415959081019,1374,2499,8;" data-s1="0" data-s73="8" data-sort-tag="" data-shopify-sku="602110" data-uom="per kg" data-conversion-factor="1.81818181818181818" data-hideinstate="-">
  <script>
    var variants = addslashes("s:1,Default,Default,,34415959048251,1374,2499,0;s:73,Australia,Default,,34415959081019,1374,2499,8;"); 
	var partsOfStr = variants.split(';');
  </script>
  
  <div class="collection-image">
    <div class="additional" style="width: 100%; height: auto; position: absolute; left: 0px; top: 0px; background: rgba(183, 183, 183, 0.37); color: white; padding: 4px; display: none">
      <span class="sale" style="font-size: 14px; color: black;"></span></div>
    <a href="/collections/beef/products/provenir-beef-osso-bucco-602110">
      <img class="lazyOwl" data-src="//cdn.shopify.com/s/files/1/0206/9470/products/602110-done_large.jpg?v=1612831109" src="//cdn.shopify.com/s/files/1/0206/9470/products/602110-done_medium.jpg?v=1612831109" alt="Provenir Beef Osso Bucco | Harris Farm Online" style="height: 100%; width: 100%">
    </a>
  </div>   
  <!-- .coll-image-wrap -->

  <div class="caption">
    
    <div class="box-title">
      
      <p class="title" style="height: 45px; ">
        <a href="/collections/beef/products/provenir-beef-osso-bucco-602110">
          Provenir Beef Osso Bucco 350-550g 
        </a>
      </p>
      
      <script>
    var productOfOrigin;
</script>

    
    

    <!-- product of origin first part of the rule -->
    

    
    

    <!-- product of origin first part of the rule -->
    

    
    

    <!-- product of origin first part of the rule -->
    

    
    

    <!-- product of origin first part of the rule -->
    

    
    

    <!-- product of origin first part of the rule -->
    

    
    

    <!-- product of origin first part of the rule -->
    

    
    

    <!-- product of origin first part of the rule -->
    

    
    

    <!-- product of origin first part of the rule -->
    

    
    

    <!-- product of origin first part of the rule -->
    

    
    

    <!-- product of origin first part of the rule -->
    




      <div class="salecontainer">
        <span class="sale">			

          <span class="unit_price"><strong><span class="from_price">$13.74</span> <small>ea</small></strong></span><br>
    		  <span class="compare_at_price unit_price"><small>$24.99 per kg</small></span> 
        </span>
      </div>

    </div>


  </div><!-- .coll-prod-caption -->

  
<div class="ajax-add-to-cart-quick custom-form" style="position:absolute; left:0; right:0; bottom:-10px; justify-content:center;">  
  <select name="quantity" class="addToCartSelect">    
    
    	<option value="1">1</option>
    
    	<option value="2">2</option>
    
    	<option value="3">3</option>
    
    	<option value="4">4</option>
    
    	<option value="5">5</option>
    
    	<option value="6">6</option>
    
    	<option value="7">7</option>
    
    	<option value="8">8</option>
    
    	<option value="9">9</option>
    
    	<option value="10">10</option>
    
    	<option value="11">11</option>
    
    	<option value="12">12</option>
    
    	<option value="13">13</option>
    
    	<option value="14">14</option>
    
    	<option value="15">15</option>
    
    	<option value="16">16</option>
    
    	<option value="17">17</option>
    
    	<option value="18">18</option>
    
    	<option value="19">19</option>
    
    	<option value="20">20</option>
    
  </select>&nbsp; 
  <button class="btn addToCartButton" type="button" name="add" data-id="34415959081019" data-weather="" data-wholesale="" data-cap="2499" data-slider="" data-seafood="" data-juice="" data-mealkit="" data-loosesalad="" data-instorebakery="" data-shortdate="" data-hideinstate="-" style="white-space: nowrap; padding: 10px; height: 35px; width: 75px; letter-spacing: 0;">ADD</button>
</div>

<div class="ajax-update-cart custom-form" style="position:absolute; left:0; right:0; bottom:-10px; justify-content:center; display:none;">
  <a href="javascript:;" class="minusitem"><img src="//cdn.shopify.com/s/files/1/0206/9470/t/232/assets/MinusIcon.jpg?v=8086515874301911391" style="width: 30px; height: 35px;"></a>
  <input type="text" pattern="[0-9.]+" class="ajaxquantity addToCartInput" name="quantity" value="" readonly="" style="display:inline-block">
  <div class="lds-ring"><div></div><div></div><div></div><div></div></div>
  <a href="javascript:;" class="plusitem"><img src="//cdn.shopify.com/s/files/1/0206/9470/t/232/assets/PlusIcon.jpg?v=15674260478820120933" style="width: 30px; height: 35px;"></a>&nbsp; 
  <button class="btn addToCartButton" type="button" name="add" data-id="34415959081019" data-weather="" data-wholesale="" data-cap="2499" data-slider="" data-seafood="" data-juice="" data-mealkit="" data-loosesalad="" data-instorebakery="" data-shortdate="" data-hideinstate="-" style="background: #84D1E8; white-space: nowrap; padding: 10px; height: 35px; letter-spacing: 0;" onclick="window.location='/cart'">IN CART</button>
</div>


</div>

<script>        
  var pickingStore = (!$.cookie("picking_store")) ? 73 : $.cookie("picking_store"); 
  var pickingStoreVariant = "s:"+pickingStore;
  
  for (var i = 0; i < partsOfStr.length; i++){
    var variantArray = partsOfStr[i].split(',');
    var showProduct = false;    
    
    if (variantArray[0].trim() == pickingStoreVariant.trim()){
      showProduct = true;
      productOfOrigin = variantArray[1];
      var special =  variantArray[2]; 
      var additional = variantArray[3];       
      var variantId = variantArray[4];
      var price =  variantArray[5];
      var compareAtPrice = variantArray[6];
      var conversionFactor = $("#product-34415959048251").data("conversion-factor");                               
      var uom = $("#product-34415959048251").data("uom");
      var hideInState = $("#product-34415959048251").data("hideinstate");      
      
      if(additional){                
        $("#product-34415959048251 .additional .sale").html(additional.toUpperCase());
        $("#product-34415959048251 .additional").show();
      }
      
      $("#product-34415959048251 .btn").attr('data-id',variantId);      
      $("#product-34415959048251 .btn").attr('data-cap',compareAtPrice);          
      $("#product-34415959048251 .caption .salecontainer .sale .from_price").html('$' + (variantArray[5]/100).toFixed(2));         
        
      if(special != "Default"){          
        $("#product-34415959048251 .caption .unit_price .from_price").addClass("is-special");            
      }
            
      if (!compareAtPrice){
        if (uom != "" && uom ){ 
          $("#product-34415959048251 .caption .salecontainer .sale .compare_at_price").html('<small>$'+((price*conversionFactor)/100).toFixed(2)+" "+uom+'</small>');
        } 
      }
      else{
        $("#product-34415959048251 .caption .salecontainer .sale .compare_at_price").html('<small>$' + (variantArray[6]/100).toFixed(2) + ' per kg</small>');              
      }
        
      if((parseInt(variantArray[7])<=0) || (hideInState.indexOf(currState) != -1)){
        $("#product-34415959048251 .ajax-add-to-cart-quick").html("<p class='error'>Out of Stock</p>");          
        $("#product-34415959048251 a").css({"pointer-events":"none"});          
        $("#product-34415959048251").remove();
        console.log(variantId + " removed.");            
      }
      else{
        $("#product-34415959048251").addClass("in-stock");
        
        var items = $("#headercartvals").attr("data-items").split(";");

        $.each(items, function(index, item) {
          if (item){ 
            var itemId = item.split("-")[0];
            var itemQty = item.split("-")[1];

            if(variantArray[4] === itemId){
              $("#product-34415959048251").find(".ajax-add-to-cart-quick").hide();
              $("#product-34415959048251").find(".ajax-update-cart .addToCartInput").val(itemQty);
              $("#product-34415959048251").find(".ajax-update-cart").show();
              return;                       
            } 
          }
        });                              
      }      
    }
  }                         
  $(".product-item").not(".in-stock").hide();              
</script>

<script>

    var productId =  null;
    var productObj = null;
    
        productId = "#product-34415959048251";
        productObj = $(productId).find('.product-of-origin');
    

    // product of origin second part of the rule
    if(productOfOrigin == "Default"){
        $(productObj).html("Product of Australia");
    } else if (productOfOrigin == "Packaged in") {
        $(productObj).html("Packed in Australia from Imported Ingredients");
    } else if (productOfOrigin == "Packaged in local") {
        $(productObj).html("Packed in Australia from Imported and Local Ingredients");
    } else if (productOfOrigin == "Made In") {
        $(productObj).html("Made in Australia from Imported Ingredients");
    } else if (productOfOrigin == "Made in local") {
        $(productObj).html("Made in Australia from Imported and Local Ingredients"); 
    } else{
        $(productObj).html("Product of "+ productOfOrigin);
    }

</script> 


        
           








<div class="product-item columns large-2 in-stock" id="product-33313256472635" data-variants="s:1,Australia,,,33313256472635,2924,4499,0;s:73,Australia,,,33313256505403,2924,4499,7;" data-s1="0" data-s73="7" data-sort-tag="" data-shopify-sku="602101" data-uom="per kg" data-conversion-factor="1.53846153846153846" data-hideinstate="-">
  <script>
    var variants = addslashes("s:1,Australia,Default,,33313256472635,2924,4499,0;s:73,Australia,Default,,33313256505403,2924,4499,7;"); 
	var partsOfStr = variants.split(';');
  </script>
  
  <div class="collection-image">
    <div class="additional" style="width: 100%; height: auto; position: absolute; left: 0px; top: 0px; background: rgba(183, 183, 183, 0.37); color: white; padding: 4px; display: none">
      <span class="sale" style="font-size: 14px; color: black;"></span></div>
    <a href="/collections/beef/products/provenir-angus-beef-porterhouse-steak-602101">
      <img class="lazyOwl" data-src="//cdn.shopify.com/s/files/1/0206/9470/products/602101-done_large.jpg?v=1612831403" src="//cdn.shopify.com/s/files/1/0206/9470/products/602101-done_medium.jpg?v=1612831403" alt="Provenir Angus Beef Porterhouse Steak | Harris Farm Online" style="height: 100%; width: 100%">
    </a>
  </div>   
  <!-- .coll-image-wrap -->

  <div class="caption">
    
    <div class="box-title">
      
      <p class="title" style="height: 61px;">
        <a href="/collections/beef/products/provenir-angus-beef-porterhouse-steak-602101">
          Provenir Beef Porterhouse Steaks 550-650g 
        </a>
      </p>
      
      <script>
    var productOfOrigin;
</script>

    
    

    <!-- product of origin first part of the rule -->
    

    
    

    <!-- product of origin first part of the rule -->
    

    
    

    <!-- product of origin first part of the rule -->
    

    
    

    <!-- product of origin first part of the rule -->
    

    
    

    <!-- product of origin first part of the rule -->
    

    
    

    <!-- product of origin first part of the rule -->
    

    
    

    <!-- product of origin first part of the rule -->
    

    
    

    <!-- product of origin first part of the rule -->
    

    
    

    <!-- product of origin first part of the rule -->
    

    
    

    <!-- product of origin first part of the rule -->
    




      <div class="salecontainer">
        <span class="sale">			

          <span class="unit_price"><strong><span class="from_price">$29.24</span> <small>ea</small></strong></span><br>
    		  <span class="compare_at_price unit_price"><small>$44.99 per kg</small></span> 
        </span>
      </div>

    </div>


  </div><!-- .coll-prod-caption -->

  
<div class="ajax-add-to-cart-quick custom-form" style="position:absolute; left:0; right:0; bottom:-10px; justify-content:center;">  
  <select name="quantity" class="addToCartSelect">    
    
    	<option value="1">1</option>
    
    	<option value="2">2</option>
    
    	<option value="3">3</option>
    
    	<option value="4">4</option>
    
    	<option value="5">5</option>
    
    	<option value="6">6</option>
    
    	<option value="7">7</option>
    
    	<option value="8">8</option>
    
    	<option value="9">9</option>
    
    	<option value="10">10</option>
    
    	<option value="11">11</option>
    
    	<option value="12">12</option>
    
    	<option value="13">13</option>
    
    	<option value="14">14</option>
    
    	<option value="15">15</option>
    
    	<option value="16">16</option>
    
    	<option value="17">17</option>
    
    	<option value="18">18</option>
    
    	<option value="19">19</option>
    
    	<option value="20">20</option>
    
  </select>&nbsp; 
  <button class="btn addToCartButton" type="button" name="add" data-id="33313256505403" data-weather="" data-wholesale="" data-cap="4499" data-slider="" data-seafood="" data-juice="" data-mealkit="" data-loosesalad="" data-instorebakery="" data-shortdate="" data-hideinstate="-" style="white-space: nowrap; padding: 10px; height: 35px; width: 75px; letter-spacing: 0;">ADD</button>
</div>

<div class="ajax-update-cart custom-form" style="position:absolute; left:0; right:0; bottom:-10px; justify-content:center; display:none;">
  <a href="javascript:;" class="minusitem"><img src="//cdn.shopify.com/s/files/1/0206/9470/t/232/assets/MinusIcon.jpg?v=8086515874301911391" style="width: 30px; height: 35px;"></a>
  <input type="text" pattern="[0-9.]+" class="ajaxquantity addToCartInput" name="quantity" value="" readonly="" style="display:inline-block">
  <div class="lds-ring"><div></div><div></div><div></div><div></div></div>
  <a href="javascript:;" class="plusitem"><img src="//cdn.shopify.com/s/files/1/0206/9470/t/232/assets/PlusIcon.jpg?v=15674260478820120933" style="width: 30px; height: 35px;"></a>&nbsp; 
  <button class="btn addToCartButton" type="button" name="add" data-id="33313256505403" data-weather="" data-wholesale="" data-cap="4499" data-slider="" data-seafood="" data-juice="" data-mealkit="" data-loosesalad="" data-instorebakery="" data-shortdate="" data-hideinstate="-" style="background: #84D1E8; white-space: nowrap; padding: 10px; height: 35px; letter-spacing: 0;" onclick="window.location='/cart'">IN CART</button>
</div>


</div>

<script>        
  var pickingStore = (!$.cookie("picking_store")) ? 73 : $.cookie("picking_store"); 
  var pickingStoreVariant = "s:"+pickingStore;
  
  for (var i = 0; i < partsOfStr.length; i++){
    var variantArray = partsOfStr[i].split(',');
    var showProduct = false;    
    
    if (variantArray[0].trim() == pickingStoreVariant.trim()){
      showProduct = true;
      productOfOrigin = variantArray[1];
      var special =  variantArray[2]; 
      var additional = variantArray[3];       
      var variantId = variantArray[4];
      var price =  variantArray[5];
      var compareAtPrice = variantArray[6];
      var conversionFactor = $("#product-33313256472635").data("conversion-factor");                               
      var uom = $("#product-33313256472635").data("uom");
      var hideInState = $("#product-33313256472635").data("hideinstate");      
      
      if(additional){                
        $("#product-33313256472635 .additional .sale").html(additional.toUpperCase());
        $("#product-33313256472635 .additional").show();
      }
      
      $("#product-33313256472635 .btn").attr('data-id',variantId);      
      $("#product-33313256472635 .btn").attr('data-cap',compareAtPrice);          
      $("#product-33313256472635 .caption .salecontainer .sale .from_price").html('$' + (variantArray[5]/100).toFixed(2));         
        
      if(special != "Default"){          
        $("#product-33313256472635 .caption .unit_price .from_price").addClass("is-special");            
      }
            
      if (!compareAtPrice){
        if (uom != "" && uom ){ 
          $("#product-33313256472635 .caption .salecontainer .sale .compare_at_price").html('<small>$'+((price*conversionFactor)/100).toFixed(2)+" "+uom+'</small>');
        } 
      }
      else{
        $("#product-33313256472635 .caption .salecontainer .sale .compare_at_price").html('<small>$' + (variantArray[6]/100).toFixed(2) + ' per kg</small>');              
      }
        
      if((parseInt(variantArray[7])<=0) || (hideInState.indexOf(currState) != -1)){
        $("#product-33313256472635 .ajax-add-to-cart-quick").html("<p class='error'>Out of Stock</p>");          
        $("#product-33313256472635 a").css({"pointer-events":"none"});          
        $("#product-33313256472635").remove();
        console.log(variantId + " removed.");            
      }
      else{
        $("#product-33313256472635").addClass("in-stock");
        
        var items = $("#headercartvals").attr("data-items").split(";");

        $.each(items, function(index, item) {
          if (item){ 
            var itemId = item.split("-")[0];
            var itemQty = item.split("-")[1];

            if(variantArray[4] === itemId){
              $("#product-33313256472635").find(".ajax-add-to-cart-quick").hide();
              $("#product-33313256472635").find(".ajax-update-cart .addToCartInput").val(itemQty);
              $("#product-33313256472635").find(".ajax-update-cart").show();
              return;                       
            } 
          }
        });                              
      }      
    }
  }                         
  $(".product-item").not(".in-stock").hide();              
</script>

<script>

    var productId =  null;
    var productObj = null;
    
        productId = "#product-33313256472635";
        productObj = $(productId).find('.product-of-origin');
    

    // product of origin second part of the rule
    if(productOfOrigin == "Default"){
        $(productObj).html("Product of Australia");
    } else if (productOfOrigin == "Packaged in") {
        $(productObj).html("Packed in Australia from Imported Ingredients");
    } else if (productOfOrigin == "Packaged in local") {
        $(productObj).html("Packed in Australia from Imported and Local Ingredients");
    } else if (productOfOrigin == "Made In") {
        $(productObj).html("Made in Australia from Imported Ingredients");
    } else if (productOfOrigin == "Made in local") {
        $(productObj).html("Made in Australia from Imported and Local Ingredients"); 
    } else{
        $(productObj).html("Product of "+ productOfOrigin);
    }

</script> 


        
           








<div class="product-item columns large-2 in-stock" id="product-33313388953659" data-variants="s:1,Australia,,,33313388953659,1979,3299,0;s:73,Australia,,,33313388986427,1979,3299,8;" data-s1="0" data-s73="8" data-sort-tag="" data-shopify-sku="602102" data-uom="per kg" data-conversion-factor="1.66666666666666667" data-hideinstate="-">
  <script>
    var variants = addslashes("s:1,Australia,Default,,33313388953659,1979,3299,0;s:73,Australia,Default,,33313388986427,1979,3299,8;"); 
	var partsOfStr = variants.split(';');
  </script>
  
  <div class="collection-image">
    <div class="additional" style="width: 100%; height: auto; position: absolute; left: 0px; top: 0px; background: rgba(183, 183, 183, 0.37); color: white; padding: 4px; display: none">
      <span class="sale" style="font-size: 14px; color: black;"></span></div>
    <a href="/collections/beef/products/provenir-angus-beef-rump-steak-rost-biff-602102">
      <img class="lazyOwl" data-src="//cdn.shopify.com/s/files/1/0206/9470/products/602102-done_large.jpg?v=1612831666" src="//cdn.shopify.com/s/files/1/0206/9470/products/602102-done_medium.jpg?v=1612831666" alt="Provenir Angus Beef Rump Steak | Harris Farm Online" style="height: 100%; width: 100%">
    </a>
  </div>   
  <!-- .coll-image-wrap -->

  <div class="caption">
    
    <div class="box-title">
      
      <p class="title" style="height: 45px; ">
        <a href="/collections/beef/products/provenir-angus-beef-rump-steak-rost-biff-602102">
          Provenir Beef Rump Steak 400-600g 
        </a>
      </p>
      
      <script>
    var productOfOrigin;
</script>

    
    

    <!-- product of origin first part of the rule -->
    

    
    

    <!-- product of origin first part of the rule -->
    

    
    

    <!-- product of origin first part of the rule -->
    

    
    

    <!-- product of origin first part of the rule -->
    

    
    

    <!-- product of origin first part of the rule -->
    

    
    

    <!-- product of origin first part of the rule -->
    

    
    

    <!-- product of origin first part of the rule -->
    

    
    

    <!-- product of origin first part of the rule -->
    

    
    

    <!-- product of origin first part of the rule -->
    

    
    

    <!-- product of origin first part of the rule -->
    




      <div class="salecontainer">
        <span class="sale">			

          <span class="unit_price"><strong><span class="from_price">$19.79</span> <small>ea</small></strong></span><br>
    		  <span class="compare_at_price unit_price"><small>$32.99 per kg</small></span> 
        </span>
      </div>

    </div>


  </div><!-- .coll-prod-caption -->

  
<div class="ajax-add-to-cart-quick custom-form" style="position:absolute; left:0; right:0; bottom:-10px; justify-content:center;">  
  <select name="quantity" class="addToCartSelect">    
    
    	<option value="1">1</option>
    
    	<option value="2">2</option>
    
    	<option value="3">3</option>
    
    	<option value="4">4</option>
    
    	<option value="5">5</option>
    
    	<option value="6">6</option>
    
    	<option value="7">7</option>
    
    	<option value="8">8</option>
    
    	<option value="9">9</option>
    
    	<option value="10">10</option>
    
    	<option value="11">11</option>
    
    	<option value="12">12</option>
    
    	<option value="13">13</option>
    
    	<option value="14">14</option>
    
    	<option value="15">15</option>
    
    	<option value="16">16</option>
    
    	<option value="17">17</option>
    
    	<option value="18">18</option>
    
    	<option value="19">19</option>
    
    	<option value="20">20</option>
    
  </select>&nbsp; 
  <button class="btn addToCartButton" type="button" name="add" data-id="33313388986427" data-weather="" data-wholesale="" data-cap="3299" data-slider="" data-seafood="" data-juice="" data-mealkit="" data-loosesalad="" data-instorebakery="" data-shortdate="" data-hideinstate="-" style="white-space: nowrap; padding: 10px; height: 35px; width: 75px; letter-spacing: 0;">ADD</button>
</div>

<div class="ajax-update-cart custom-form" style="position:absolute; left:0; right:0; bottom:-10px; justify-content:center; display:none;">
  <a href="javascript:;" class="minusitem"><img src="//cdn.shopify.com/s/files/1/0206/9470/t/232/assets/MinusIcon.jpg?v=8086515874301911391" style="width: 30px; height: 35px;"></a>
  <input type="text" pattern="[0-9.]+" class="ajaxquantity addToCartInput" name="quantity" value="" readonly="" style="display:inline-block">
  <div class="lds-ring"><div></div><div></div><div></div><div></div></div>
  <a href="javascript:;" class="plusitem"><img src="//cdn.shopify.com/s/files/1/0206/9470/t/232/assets/PlusIcon.jpg?v=15674260478820120933" style="width: 30px; height: 35px;"></a>&nbsp; 
  <button class="btn addToCartButton" type="button" name="add" data-id="33313388986427" data-weather="" data-wholesale="" data-cap="3299" data-slider="" data-seafood="" data-juice="" data-mealkit="" data-loosesalad="" data-instorebakery="" data-shortdate="" data-hideinstate="-" style="background: #84D1E8; white-space: nowrap; padding: 10px; height: 35px; letter-spacing: 0;" onclick="window.location='/cart'">IN CART</button>
</div>


</div>

<script>        
  var pickingStore = (!$.cookie("picking_store")) ? 73 : $.cookie("picking_store"); 
  var pickingStoreVariant = "s:"+pickingStore;
  
  for (var i = 0; i < partsOfStr.length; i++){
    var variantArray = partsOfStr[i].split(',');
    var showProduct = false;    
    
    if (variantArray[0].trim() == pickingStoreVariant.trim()){
      showProduct = true;
      productOfOrigin = variantArray[1];
      var special =  variantArray[2]; 
      var additional = variantArray[3];       
      var variantId = variantArray[4];
      var price =  variantArray[5];
      var compareAtPrice = variantArray[6];
      var conversionFactor = $("#product-33313388953659").data("conversion-factor");                               
      var uom = $("#product-33313388953659").data("uom");
      var hideInState = $("#product-33313388953659").data("hideinstate");      
      
      if(additional){                
        $("#product-33313388953659 .additional .sale").html(additional.toUpperCase());
        $("#product-33313388953659 .additional").show();
      }
      
      $("#product-33313388953659 .btn").attr('data-id',variantId);      
      $("#product-33313388953659 .btn").attr('data-cap',compareAtPrice);          
      $("#product-33313388953659 .caption .salecontainer .sale .from_price").html('$' + (variantArray[5]/100).toFixed(2));         
        
      if(special != "Default"){          
        $("#product-33313388953659 .caption .unit_price .from_price").addClass("is-special");            
      }
            
      if (!compareAtPrice){
        if (uom != "" && uom ){ 
          $("#product-33313388953659 .caption .salecontainer .sale .compare_at_price").html('<small>$'+((price*conversionFactor)/100).toFixed(2)+" "+uom+'</small>');
        } 
      }
      else{
        $("#product-33313388953659 .caption .salecontainer .sale .compare_at_price").html('<small>$' + (variantArray[6]/100).toFixed(2) + ' per kg</small>');              
      }
        
      if((parseInt(variantArray[7])<=0) || (hideInState.indexOf(currState) != -1)){
        $("#product-33313388953659 .ajax-add-to-cart-quick").html("<p class='error'>Out of Stock</p>");          
        $("#product-33313388953659 a").css({"pointer-events":"none"});          
        $("#product-33313388953659").remove();
        console.log(variantId + " removed.");            
      }
      else{
        $("#product-33313388953659").addClass("in-stock");
        
        var items = $("#headercartvals").attr("data-items").split(";");

        $.each(items, function(index, item) {
          if (item){ 
            var itemId = item.split("-")[0];
            var itemQty = item.split("-")[1];

            if(variantArray[4] === itemId){
              $("#product-33313388953659").find(".ajax-add-to-cart-quick").hide();
              $("#product-33313388953659").find(".ajax-update-cart .addToCartInput").val(itemQty);
              $("#product-33313388953659").find(".ajax-update-cart").show();
              return;                       
            } 
          }
        });                              
      }      
    }
  }                         
  $(".product-item").not(".in-stock").hide();              
</script>

<script>

    var productId =  null;
    var productObj = null;
    
        productId = "#product-33313388953659";
        productObj = $(productId).find('.product-of-origin');
    

    // product of origin second part of the rule
    if(productOfOrigin == "Default"){
        $(productObj).html("Product of Australia");
    } else if (productOfOrigin == "Packaged in") {
        $(productObj).html("Packed in Australia from Imported Ingredients");
    } else if (productOfOrigin == "Packaged in local") {
        $(productObj).html("Packed in Australia from Imported and Local Ingredients");
    } else if (productOfOrigin == "Made In") {
        $(productObj).html("Made in Australia from Imported Ingredients");
    } else if (productOfOrigin == "Made in local") {
        $(productObj).html("Made in Australia from Imported and Local Ingredients"); 
    } else{
        $(productObj).html("Product of "+ productOfOrigin);
    }

</script> 


        
           








<div class="product-item columns large-2 in-stock" id="product-33751762501691" data-variants="s:1,,,,33751762501691,4094,6299,0;s:73,Australia,,,33751762534459,4094,6299,8;" data-s1="0" data-s73="8" data-sort-tag="" data-shopify-sku="602113" data-uom="per kg" data-conversion-factor="1.53846153846153846" data-hideinstate="-">
  <script>
    var variants = addslashes("s:1,Default,Default,,33751762501691,4094,6299,0;s:73,Australia,Default,,33751762534459,4094,6299,8;"); 
	var partsOfStr = variants.split(';');
  </script>
  
  <div class="collection-image">
    <div class="additional" style="width: 100%; height: auto; position: absolute; left: 0px; top: 0px; background: rgba(183, 183, 183, 0.37); color: white; padding: 4px; display: none">
      <span class="sale" style="font-size: 14px; color: black;"></span></div>
    <a href="/collections/beef/products/provenir-beef-scotch-fillet-steak-602113">
      <img class="lazyOwl" data-src="//cdn.shopify.com/s/files/1/0206/9470/products/602113-done_large.jpg?v=1612831980" src="//cdn.shopify.com/s/files/1/0206/9470/products/602113-done_medium.jpg?v=1612831980" alt="Provenir Wagyu Beef Scotch Fillet Steak | Harris Farm Online" style="height: 100%; width: 100%">
    </a>
  </div>   
  <!-- .coll-image-wrap -->

  <div class="caption">
    
    <div class="box-title">
      
      <p class="title" style="height: 45px; font-size: 12px;">
        <a href="/collections/beef/products/provenir-beef-scotch-fillet-steak-602113">
          Provenir Beef Scotch Fillets Steak 400-650g 
        </a>
      </p>
      
      <script>
    var productOfOrigin;
</script>

    
    

    <!-- product of origin first part of the rule -->
    

    
    

    <!-- product of origin first part of the rule -->
    

    
    

    <!-- product of origin first part of the rule -->
    

    
    

    <!-- product of origin first part of the rule -->
    

    
    

    <!-- product of origin first part of the rule -->
    

    
    

    <!-- product of origin first part of the rule -->
    

    
    

    <!-- product of origin first part of the rule -->
    

    
    

    <!-- product of origin first part of the rule -->
    

    
    

    <!-- product of origin first part of the rule -->
    

    
    

    <!-- product of origin first part of the rule -->
    




      <div class="salecontainer">
        <span class="sale">			

          <span class="unit_price"><strong><span class="from_price">$40.94</span> <small>ea</small></strong></span><br>
    		  <span class="compare_at_price unit_price"><small>$62.99 per kg</small></span> 
        </span>
      </div>

    </div>


  </div><!-- .coll-prod-caption -->

  
<div class="ajax-add-to-cart-quick custom-form" style="position:absolute; left:0; right:0; bottom:-10px; justify-content:center;">  
  <select name="quantity" class="addToCartSelect">    
    
    	<option value="1">1</option>
    
    	<option value="2">2</option>
    
    	<option value="3">3</option>
    
    	<option value="4">4</option>
    
    	<option value="5">5</option>
    
    	<option value="6">6</option>
    
    	<option value="7">7</option>
    
    	<option value="8">8</option>
    
    	<option value="9">9</option>
    
    	<option value="10">10</option>
    
    	<option value="11">11</option>
    
    	<option value="12">12</option>
    
    	<option value="13">13</option>
    
    	<option value="14">14</option>
    
    	<option value="15">15</option>
    
    	<option value="16">16</option>
    
    	<option value="17">17</option>
    
    	<option value="18">18</option>
    
    	<option value="19">19</option>
    
    	<option value="20">20</option>
    
  </select>&nbsp; 
  <button class="btn addToCartButton" type="button" name="add" data-id="33751762534459" data-weather="" data-wholesale="" data-cap="6299" data-slider="" data-seafood="" data-juice="" data-mealkit="" data-loosesalad="" data-instorebakery="" data-shortdate="" data-hideinstate="-" style="white-space: nowrap; padding: 10px; height: 35px; width: 75px; letter-spacing: 0;">ADD</button>
</div>

<div class="ajax-update-cart custom-form" style="position:absolute; left:0; right:0; bottom:-10px; justify-content:center; display:none;">
  <a href="javascript:;" class="minusitem"><img src="//cdn.shopify.com/s/files/1/0206/9470/t/232/assets/MinusIcon.jpg?v=8086515874301911391" style="width: 30px; height: 35px;"></a>
  <input type="text" pattern="[0-9.]+" class="ajaxquantity addToCartInput" name="quantity" value="" readonly="" style="display:inline-block">
  <div class="lds-ring"><div></div><div></div><div></div><div></div></div>
  <a href="javascript:;" class="plusitem"><img src="//cdn.shopify.com/s/files/1/0206/9470/t/232/assets/PlusIcon.jpg?v=15674260478820120933" style="width: 30px; height: 35px;"></a>&nbsp; 
  <button class="btn addToCartButton" type="button" name="add" data-id="33751762534459" data-weather="" data-wholesale="" data-cap="6299" data-slider="" data-seafood="" data-juice="" data-mealkit="" data-loosesalad="" data-instorebakery="" data-shortdate="" data-hideinstate="-" style="background: #84D1E8; white-space: nowrap; padding: 10px; height: 35px; letter-spacing: 0;" onclick="window.location='/cart'">IN CART</button>
</div>


</div>

<script>        
  var pickingStore = (!$.cookie("picking_store")) ? 73 : $.cookie("picking_store"); 
  var pickingStoreVariant = "s:"+pickingStore;
  
  for (var i = 0; i < partsOfStr.length; i++){
    var variantArray = partsOfStr[i].split(',');
    var showProduct = false;    
    
    if (variantArray[0].trim() == pickingStoreVariant.trim()){
      showProduct = true;
      productOfOrigin = variantArray[1];
      var special =  variantArray[2]; 
      var additional = variantArray[3];       
      var variantId = variantArray[4];
      var price =  variantArray[5];
      var compareAtPrice = variantArray[6];
      var conversionFactor = $("#product-33751762501691").data("conversion-factor");                               
      var uom = $("#product-33751762501691").data("uom");
      var hideInState = $("#product-33751762501691").data("hideinstate");      
      
      if(additional){                
        $("#product-33751762501691 .additional .sale").html(additional.toUpperCase());
        $("#product-33751762501691 .additional").show();
      }
      
      $("#product-33751762501691 .btn").attr('data-id',variantId);      
      $("#product-33751762501691 .btn").attr('data-cap',compareAtPrice);          
      $("#product-33751762501691 .caption .salecontainer .sale .from_price").html('$' + (variantArray[5]/100).toFixed(2));         
        
      if(special != "Default"){          
        $("#product-33751762501691 .caption .unit_price .from_price").addClass("is-special");            
      }
            
      if (!compareAtPrice){
        if (uom != "" && uom ){ 
          $("#product-33751762501691 .caption .salecontainer .sale .compare_at_price").html('<small>$'+((price*conversionFactor)/100).toFixed(2)+" "+uom+'</small>');
        } 
      }
      else{
        $("#product-33751762501691 .caption .salecontainer .sale .compare_at_price").html('<small>$' + (variantArray[6]/100).toFixed(2) + ' per kg</small>');              
      }
        
      if((parseInt(variantArray[7])<=0) || (hideInState.indexOf(currState) != -1)){
        $("#product-33751762501691 .ajax-add-to-cart-quick").html("<p class='error'>Out of Stock</p>");          
        $("#product-33751762501691 a").css({"pointer-events":"none"});          
        $("#product-33751762501691").remove();
        console.log(variantId + " removed.");            
      }
      else{
        $("#product-33751762501691").addClass("in-stock");
        
        var items = $("#headercartvals").attr("data-items").split(";");

        $.each(items, function(index, item) {
          if (item){ 
            var itemId = item.split("-")[0];
            var itemQty = item.split("-")[1];

            if(variantArray[4] === itemId){
              $("#product-33751762501691").find(".ajax-add-to-cart-quick").hide();
              $("#product-33751762501691").find(".ajax-update-cart .addToCartInput").val(itemQty);
              $("#product-33751762501691").find(".ajax-update-cart").show();
              return;                       
            } 
          }
        });                              
      }      
    }
  }                         
  $(".product-item").not(".in-stock").hide();              
</script>

<script>

    var productId =  null;
    var productObj = null;
    
        productId = "#product-33751762501691";
        productObj = $(productId).find('.product-of-origin');
    

    // product of origin second part of the rule
    if(productOfOrigin == "Default"){
        $(productObj).html("Product of Australia");
    } else if (productOfOrigin == "Packaged in") {
        $(productObj).html("Packed in Australia from Imported Ingredients");
    } else if (productOfOrigin == "Packaged in local") {
        $(productObj).html("Packed in Australia from Imported and Local Ingredients");
    } else if (productOfOrigin == "Made In") {
        $(productObj).html("Made in Australia from Imported Ingredients");
    } else if (productOfOrigin == "Made in local") {
        $(productObj).html("Made in Australia from Imported and Local Ingredients"); 
    } else{
        $(productObj).html("Product of "+ productOfOrigin);
    }

</script> 


        
           








<div class="product-item columns large-2 in-stock" id="product-33313400684603" data-variants="s:1,,,,33313400684603,1259,2099,0;s:73,Australia,,,33313400717371,1259,2099,5;" data-s1="0" data-s73="5" data-sort-tag="" data-shopify-sku="602107" data-uom="per kg" data-conversion-factor="1.66666666666666667" data-hideinstate="-">
  <script>
    var variants = addslashes("s:1,Default,Default,,33313400684603,1259,2099,0;s:73,Australia,Default,,33313400717371,1259,2099,5;"); 
	var partsOfStr = variants.split(';');
  </script>
  
  <div class="collection-image">
    <div class="additional" style="width: 100%; height: auto; position: absolute; left: 0px; top: 0px; background: rgba(183, 183, 183, 0.37); color: white; padding: 4px; display: none">
      <span class="sale" style="font-size: 14px; color: black;"></span></div>
    <a href="/collections/beef/products/provenir-beef-tail">
      <img class="lazyOwl" data-src="//cdn.shopify.com/s/files/1/0206/9470/products/602107-done_large.jpg?v=1612213467" src="//cdn.shopify.com/s/files/1/0206/9470/products/602107-done_medium.jpg?v=1612213467" alt="Provenir Beef Tail 400-600g" style="height: 100%; width: 100%">
    </a>
  </div>   
  <!-- .coll-image-wrap -->

  <div class="caption">
    
    <div class="box-title">
      
      <p class="title" style="height: 45px; ">
        <a href="/collections/beef/products/provenir-beef-tail">
          Provenir Beef Tail 400-600g 
        </a>
      </p>
      
      <script>
    var productOfOrigin;
</script>

    
    

    <!-- product of origin first part of the rule -->
    

    
    

    <!-- product of origin first part of the rule -->
    

    
    

    <!-- product of origin first part of the rule -->
    

    
    

    <!-- product of origin first part of the rule -->
    

    
    

    <!-- product of origin first part of the rule -->
    

    
    

    <!-- product of origin first part of the rule -->
    

    
    

    <!-- product of origin first part of the rule -->
    

    
    

    <!-- product of origin first part of the rule -->
    

    
    

    <!-- product of origin first part of the rule -->
    

    
    

    <!-- product of origin first part of the rule -->
    




      <div class="salecontainer">
        <span class="sale">			

          <span class="unit_price"><strong><span class="from_price">$12.59</span> <small>ea</small></strong></span><br>
    		  <span class="compare_at_price unit_price"><small>$20.99 per kg</small></span> 
        </span>
      </div>

    </div>


  </div><!-- .coll-prod-caption -->

  
<div class="ajax-add-to-cart-quick custom-form" style="position:absolute; left:0; right:0; bottom:-10px; justify-content:center;">  
  <select name="quantity" class="addToCartSelect">    
    
    	<option value="1">1</option>
    
    	<option value="2">2</option>
    
    	<option value="3">3</option>
    
    	<option value="4">4</option>
    
    	<option value="5">5</option>
    
    	<option value="6">6</option>
    
    	<option value="7">7</option>
    
    	<option value="8">8</option>
    
    	<option value="9">9</option>
    
    	<option value="10">10</option>
    
    	<option value="11">11</option>
    
    	<option value="12">12</option>
    
    	<option value="13">13</option>
    
    	<option value="14">14</option>
    
    	<option value="15">15</option>
    
    	<option value="16">16</option>
    
    	<option value="17">17</option>
    
    	<option value="18">18</option>
    
    	<option value="19">19</option>
    
    	<option value="20">20</option>
    
  </select>&nbsp; 
  <button class="btn addToCartButton" type="button" name="add" data-id="33313400717371" data-weather="" data-wholesale="" data-cap="2099" data-slider="" data-seafood="" data-juice="" data-mealkit="" data-loosesalad="" data-instorebakery="" data-shortdate="" data-hideinstate="-" style="white-space: nowrap; padding: 10px; height: 35px; width: 75px; letter-spacing: 0;">ADD</button>
</div>

<div class="ajax-update-cart custom-form" style="position:absolute; left:0; right:0; bottom:-10px; justify-content:center; display:none;">
  <a href="javascript:;" class="minusitem"><img src="//cdn.shopify.com/s/files/1/0206/9470/t/232/assets/MinusIcon.jpg?v=8086515874301911391" style="width: 30px; height: 35px;"></a>
  <input type="text" pattern="[0-9.]+" class="ajaxquantity addToCartInput" name="quantity" value="" readonly="" style="display:inline-block">
  <div class="lds-ring"><div></div><div></div><div></div><div></div></div>
  <a href="javascript:;" class="plusitem"><img src="//cdn.shopify.com/s/files/1/0206/9470/t/232/assets/PlusIcon.jpg?v=15674260478820120933" style="width: 30px; height: 35px;"></a>&nbsp; 
  <button class="btn addToCartButton" type="button" name="add" data-id="33313400717371" data-weather="" data-wholesale="" data-cap="2099" data-slider="" data-seafood="" data-juice="" data-mealkit="" data-loosesalad="" data-instorebakery="" data-shortdate="" data-hideinstate="-" style="background: #84D1E8; white-space: nowrap; padding: 10px; height: 35px; letter-spacing: 0;" onclick="window.location='/cart'">IN CART</button>
</div>


</div>

<script>        
  var pickingStore = (!$.cookie("picking_store")) ? 73 : $.cookie("picking_store"); 
  var pickingStoreVariant = "s:"+pickingStore;
  
  for (var i = 0; i < partsOfStr.length; i++){
    var variantArray = partsOfStr[i].split(',');
    var showProduct = false;    
    
    if (variantArray[0].trim() == pickingStoreVariant.trim()){
      showProduct = true;
      productOfOrigin = variantArray[1];
      var special =  variantArray[2]; 
      var additional = variantArray[3];       
      var variantId = variantArray[4];
      var price =  variantArray[5];
      var compareAtPrice = variantArray[6];
      var conversionFactor = $("#product-33313400684603").data("conversion-factor");                               
      var uom = $("#product-33313400684603").data("uom");
      var hideInState = $("#product-33313400684603").data("hideinstate");      
      
      if(additional){                
        $("#product-33313400684603 .additional .sale").html(additional.toUpperCase());
        $("#product-33313400684603 .additional").show();
      }
      
      $("#product-33313400684603 .btn").attr('data-id',variantId);      
      $("#product-33313400684603 .btn").attr('data-cap',compareAtPrice);          
      $("#product-33313400684603 .caption .salecontainer .sale .from_price").html('$' + (variantArray[5]/100).toFixed(2));         
        
      if(special != "Default"){          
        $("#product-33313400684603 .caption .unit_price .from_price").addClass("is-special");            
      }
            
      if (!compareAtPrice){
        if (uom != "" && uom ){ 
          $("#product-33313400684603 .caption .salecontainer .sale .compare_at_price").html('<small>$'+((price*conversionFactor)/100).toFixed(2)+" "+uom+'</small>');
        } 
      }
      else{
        $("#product-33313400684603 .caption .salecontainer .sale .compare_at_price").html('<small>$' + (variantArray[6]/100).toFixed(2) + ' per kg</small>');              
      }
        
      if((parseInt(variantArray[7])<=0) || (hideInState.indexOf(currState) != -1)){
        $("#product-33313400684603 .ajax-add-to-cart-quick").html("<p class='error'>Out of Stock</p>");          
        $("#product-33313400684603 a").css({"pointer-events":"none"});          
        $("#product-33313400684603").remove();
        console.log(variantId + " removed.");            
      }
      else{
        $("#product-33313400684603").addClass("in-stock");
        
        var items = $("#headercartvals").attr("data-items").split(";");

        $.each(items, function(index, item) {
          if (item){ 
            var itemId = item.split("-")[0];
            var itemQty = item.split("-")[1];

            if(variantArray[4] === itemId){
              $("#product-33313400684603").find(".ajax-add-to-cart-quick").hide();
              $("#product-33313400684603").find(".ajax-update-cart .addToCartInput").val(itemQty);
              $("#product-33313400684603").find(".ajax-update-cart").show();
              return;                       
            } 
          }
        });                              
      }      
    }
  }                         
  $(".product-item").not(".in-stock").hide();              
</script>

<script>

    var productId =  null;
    var productObj = null;
    
        productId = "#product-33313400684603";
        productObj = $(productId).find('.product-of-origin');
    

    // product of origin second part of the rule
    if(productOfOrigin == "Default"){
        $(productObj).html("Product of Australia");
    } else if (productOfOrigin == "Packaged in") {
        $(productObj).html("Packed in Australia from Imported Ingredients");
    } else if (productOfOrigin == "Packaged in local") {
        $(productObj).html("Packed in Australia from Imported and Local Ingredients");
    } else if (productOfOrigin == "Made In") {
        $(productObj).html("Made in Australia from Imported Ingredients");
    } else if (productOfOrigin == "Made in local") {
        $(productObj).html("Made in Australia from Imported and Local Ingredients"); 
    } else{
        $(productObj).html("Product of "+ productOfOrigin);
    }

</script> 


        
           








<div class="product-item columns large-2 in-stock" id="product-34415962095675" data-variants="s:1,,,,34415962095675,1319,2399,0;s:73,Australia,,,34415962128443,1319,2399,1;" data-s1="0" data-s73="1" data-sort-tag="" data-shopify-sku="602111" data-uom="per kg" data-conversion-factor="1.81818181818181818" data-hideinstate="-">
  <script>
    var variants = addslashes("s:1,Default,Default,,34415962095675,1319,2399,0;s:73,Australia,Default,,34415962128443,1319,2399,1;"); 
	var partsOfStr = variants.split(';');
  </script>
  
  <div class="collection-image">
    <div class="additional" style="width: 100%; height: auto; position: absolute; left: 0px; top: 0px; background: rgba(183, 183, 183, 0.37); color: white; padding: 4px; display: none">
      <span class="sale" style="font-size: 14px; color: black;"></span></div>
    <a href="/collections/beef/products/provenir-lean-diced-beef-602111">
      <img class="lazyOwl" data-src="//cdn.shopify.com/s/files/1/0206/9470/products/602111-done_large.jpg?v=1612832223" src="//cdn.shopify.com/s/files/1/0206/9470/products/602111-done_medium.jpg?v=1612832223" alt="Provenir Lean Diced Angus Beef | Harris Farm Online" style="height: 100%; width: 100%">
    </a>
  </div>   
  <!-- .coll-image-wrap -->

  <div class="caption">
    
    <div class="box-title">
      
      <p class="title" style="height: 45px; ">
        <a href="/collections/beef/products/provenir-lean-diced-beef-602111">
          Provenir Lean Diced Beef 500-550g 
        </a>
      </p>
      
      <script>
    var productOfOrigin;
</script>

    
    

    <!-- product of origin first part of the rule -->
    

    
    

    <!-- product of origin first part of the rule -->
    

    
    

    <!-- product of origin first part of the rule -->
    

    
    

    <!-- product of origin first part of the rule -->
    

    
    

    <!-- product of origin first part of the rule -->
    

    
    

    <!-- product of origin first part of the rule -->
    

    
    

    <!-- product of origin first part of the rule -->
    

    
    

    <!-- product of origin first part of the rule -->
    

    
    

    <!-- product of origin first part of the rule -->
    

    
    

    <!-- product of origin first part of the rule -->
    




      <div class="salecontainer">
        <span class="sale">			

          <span class="unit_price"><strong><span class="from_price">$13.19</span> <small>ea</small></strong></span><br>
    		  <span class="compare_at_price unit_price"><small>$23.99 per kg</small></span> 
        </span>
      </div>

    </div>


  </div><!-- .coll-prod-caption -->

  
<div class="ajax-add-to-cart-quick custom-form" style="position:absolute; left:0; right:0; bottom:-10px; justify-content:center;">  
  <select name="quantity" class="addToCartSelect">    
    
    	<option value="1">1</option>
    
    	<option value="2">2</option>
    
    	<option value="3">3</option>
    
    	<option value="4">4</option>
    
    	<option value="5">5</option>
    
    	<option value="6">6</option>
    
    	<option value="7">7</option>
    
    	<option value="8">8</option>
    
    	<option value="9">9</option>
    
    	<option value="10">10</option>
    
    	<option value="11">11</option>
    
    	<option value="12">12</option>
    
    	<option value="13">13</option>
    
    	<option value="14">14</option>
    
    	<option value="15">15</option>
    
    	<option value="16">16</option>
    
    	<option value="17">17</option>
    
    	<option value="18">18</option>
    
    	<option value="19">19</option>
    
    	<option value="20">20</option>
    
  </select>&nbsp; 
  <button class="btn addToCartButton" type="button" name="add" data-id="34415962128443" data-weather="" data-wholesale="" data-cap="2399" data-slider="" data-seafood="" data-juice="" data-mealkit="" data-loosesalad="" data-instorebakery="" data-shortdate="" data-hideinstate="-" style="white-space: nowrap; padding: 10px; height: 35px; width: 75px; letter-spacing: 0;">ADD</button>
</div>

<div class="ajax-update-cart custom-form" style="position:absolute; left:0; right:0; bottom:-10px; justify-content:center; display:none;">
  <a href="javascript:;" class="minusitem"><img src="//cdn.shopify.com/s/files/1/0206/9470/t/232/assets/MinusIcon.jpg?v=8086515874301911391" style="width: 30px; height: 35px;"></a>
  <input type="text" pattern="[0-9.]+" class="ajaxquantity addToCartInput" name="quantity" value="" readonly="" style="display:inline-block">
  <div class="lds-ring"><div></div><div></div><div></div><div></div></div>
  <a href="javascript:;" class="plusitem"><img src="//cdn.shopify.com/s/files/1/0206/9470/t/232/assets/PlusIcon.jpg?v=15674260478820120933" style="width: 30px; height: 35px;"></a>&nbsp; 
  <button class="btn addToCartButton" type="button" name="add" data-id="34415962128443" data-weather="" data-wholesale="" data-cap="2399" data-slider="" data-seafood="" data-juice="" data-mealkit="" data-loosesalad="" data-instorebakery="" data-shortdate="" data-hideinstate="-" style="background: #84D1E8; white-space: nowrap; padding: 10px; height: 35px; letter-spacing: 0;" onclick="window.location='/cart'">IN CART</button>
</div>


</div>

<script>        
  var pickingStore = (!$.cookie("picking_store")) ? 73 : $.cookie("picking_store"); 
  var pickingStoreVariant = "s:"+pickingStore;
  
  for (var i = 0; i < partsOfStr.length; i++){
    var variantArray = partsOfStr[i].split(',');
    var showProduct = false;    
    
    if (variantArray[0].trim() == pickingStoreVariant.trim()){
      showProduct = true;
      productOfOrigin = variantArray[1];
      var special =  variantArray[2]; 
      var additional = variantArray[3];       
      var variantId = variantArray[4];
      var price =  variantArray[5];
      var compareAtPrice = variantArray[6];
      var conversionFactor = $("#product-34415962095675").data("conversion-factor");                               
      var uom = $("#product-34415962095675").data("uom");
      var hideInState = $("#product-34415962095675").data("hideinstate");      
      
      if(additional){                
        $("#product-34415962095675 .additional .sale").html(additional.toUpperCase());
        $("#product-34415962095675 .additional").show();
      }
      
      $("#product-34415962095675 .btn").attr('data-id',variantId);      
      $("#product-34415962095675 .btn").attr('data-cap',compareAtPrice);          
      $("#product-34415962095675 .caption .salecontainer .sale .from_price").html('$' + (variantArray[5]/100).toFixed(2));         
        
      if(special != "Default"){          
        $("#product-34415962095675 .caption .unit_price .from_price").addClass("is-special");            
      }
            
      if (!compareAtPrice){
        if (uom != "" && uom ){ 
          $("#product-34415962095675 .caption .salecontainer .sale .compare_at_price").html('<small>$'+((price*conversionFactor)/100).toFixed(2)+" "+uom+'</small>');
        } 
      }
      else{
        $("#product-34415962095675 .caption .salecontainer .sale .compare_at_price").html('<small>$' + (variantArray[6]/100).toFixed(2) + ' per kg</small>');              
      }
        
      if((parseInt(variantArray[7])<=0) || (hideInState.indexOf(currState) != -1)){
        $("#product-34415962095675 .ajax-add-to-cart-quick").html("<p class='error'>Out of Stock</p>");          
        $("#product-34415962095675 a").css({"pointer-events":"none"});          
        $("#product-34415962095675").remove();
        console.log(variantId + " removed.");            
      }
      else{
        $("#product-34415962095675").addClass("in-stock");
        
        var items = $("#headercartvals").attr("data-items").split(";");

        $.each(items, function(index, item) {
          if (item){ 
            var itemId = item.split("-")[0];
            var itemQty = item.split("-")[1];

            if(variantArray[4] === itemId){
              $("#product-34415962095675").find(".ajax-add-to-cart-quick").hide();
              $("#product-34415962095675").find(".ajax-update-cart .addToCartInput").val(itemQty);
              $("#product-34415962095675").find(".ajax-update-cart").show();
              return;                       
            } 
          }
        });                              
      }      
    }
  }                         
  $(".product-item").not(".in-stock").hide();              
</script>

<script>

    var productId =  null;
    var productObj = null;
    
        productId = "#product-34415962095675";
        productObj = $(productId).find('.product-of-origin');
    

    // product of origin second part of the rule
    if(productOfOrigin == "Default"){
        $(productObj).html("Product of Australia");
    } else if (productOfOrigin == "Packaged in") {
        $(productObj).html("Packed in Australia from Imported Ingredients");
    } else if (productOfOrigin == "Packaged in local") {
        $(productObj).html("Packed in Australia from Imported and Local Ingredients");
    } else if (productOfOrigin == "Made In") {
        $(productObj).html("Made in Australia from Imported Ingredients");
    } else if (productOfOrigin == "Made in local") {
        $(productObj).html("Made in Australia from Imported and Local Ingredients"); 
    } else{
        $(productObj).html("Product of "+ productOfOrigin);
    }

</script> 


        
           








<div class="product-item columns large-2 in-stock" id="product-33313392656443" data-variants="s:1,Australia,,,33313392656443,920,2299,0;s:73,Australia,,,33313392689211,920,2299,15;" data-s1="0" data-s73="15" data-sort-tag="" data-shopify-sku="602103" data-uom="per kg" data-conversion-factor="2.5" data-hideinstate="-">
  <script>
    var variants = addslashes("s:1,Australia,Default,,33313392656443,920,2299,0;s:73,Australia,Default,,33313392689211,920,2299,15;"); 
	var partsOfStr = variants.split(';');
  </script>
  
  <div class="collection-image">
    <div class="additional" style="width: 100%; height: auto; position: absolute; left: 0px; top: 0px; background: rgba(183, 183, 183, 0.37); color: white; padding: 4px; display: none">
      <span class="sale" style="font-size: 14px; color: black;"></span></div>
    <a href="/collections/beef/products/provenir-beef-premium-mince-602103">
      <img class="lazyOwl" data-src="//cdn.shopify.com/s/files/1/0206/9470/products/602103-done_large.jpg?v=1612832440" src="//cdn.shopify.com/s/files/1/0206/9470/products/602103-done_medium.jpg?v=1612832440" alt="Provenir Angus Beef Premium Mince | Harris Farm Online" style="height: 100%; width: 100%">
    </a>
  </div>   
  <!-- .coll-image-wrap -->

  <div class="caption">
    
    <div class="box-title">
      
      <p class="title" style="height: 45px; ">
        <a href="/collections/beef/products/provenir-beef-premium-mince-602103">
          Provenir Premium Beef Mince 300-400g 
        </a>
      </p>
      
      <script>
    var productOfOrigin;
</script>

    
    

    <!-- product of origin first part of the rule -->
    

    
    

    <!-- product of origin first part of the rule -->
    

    
    

    <!-- product of origin first part of the rule -->
    

    
    

    <!-- product of origin first part of the rule -->
    

    
    

    <!-- product of origin first part of the rule -->
    

    
    

    <!-- product of origin first part of the rule -->
    

    
    

    <!-- product of origin first part of the rule -->
    

    
    

    <!-- product of origin first part of the rule -->
    

    
    

    <!-- product of origin first part of the rule -->
    

    
    

    <!-- product of origin first part of the rule -->
    




      <div class="salecontainer">
        <span class="sale">			

          <span class="unit_price"><strong><span class="from_price">$9.20</span> <small>ea</small></strong></span><br>
    		  <span class="compare_at_price unit_price"><small>$22.99 per kg</small></span> 
        </span>
      </div>

    </div>


  </div><!-- .coll-prod-caption -->

  
<div class="ajax-add-to-cart-quick custom-form" style="position:absolute; left:0; right:0; bottom:-10px; justify-content:center;">  
  <select name="quantity" class="addToCartSelect">    
    
    	<option value="1">1</option>
    
    	<option value="2">2</option>
    
    	<option value="3">3</option>
    
    	<option value="4">4</option>
    
    	<option value="5">5</option>
    
    	<option value="6">6</option>
    
    	<option value="7">7</option>
    
    	<option value="8">8</option>
    
    	<option value="9">9</option>
    
    	<option value="10">10</option>
    
    	<option value="11">11</option>
    
    	<option value="12">12</option>
    
    	<option value="13">13</option>
    
    	<option value="14">14</option>
    
    	<option value="15">15</option>
    
    	<option value="16">16</option>
    
    	<option value="17">17</option>
    
    	<option value="18">18</option>
    
    	<option value="19">19</option>
    
    	<option value="20">20</option>
    
  </select>&nbsp; 
  <button class="btn addToCartButton" type="button" name="add" data-id="33313392689211" data-weather="" data-wholesale="" data-cap="2299" data-slider="" data-seafood="" data-juice="" data-mealkit="" data-loosesalad="" data-instorebakery="" data-shortdate="" data-hideinstate="-" style="white-space: nowrap; padding: 10px; height: 35px; width: 75px; letter-spacing: 0;">ADD</button>
</div>

<div class="ajax-update-cart custom-form" style="position:absolute; left:0; right:0; bottom:-10px; justify-content:center; display:none;">
  <a href="javascript:;" class="minusitem"><img src="//cdn.shopify.com/s/files/1/0206/9470/t/232/assets/MinusIcon.jpg?v=8086515874301911391" style="width: 30px; height: 35px;"></a>
  <input type="text" pattern="[0-9.]+" class="ajaxquantity addToCartInput" name="quantity" value="" readonly="" style="display:inline-block">
  <div class="lds-ring"><div></div><div></div><div></div><div></div></div>
  <a href="javascript:;" class="plusitem"><img src="//cdn.shopify.com/s/files/1/0206/9470/t/232/assets/PlusIcon.jpg?v=15674260478820120933" style="width: 30px; height: 35px;"></a>&nbsp; 
  <button class="btn addToCartButton" type="button" name="add" data-id="33313392689211" data-weather="" data-wholesale="" data-cap="2299" data-slider="" data-seafood="" data-juice="" data-mealkit="" data-loosesalad="" data-instorebakery="" data-shortdate="" data-hideinstate="-" style="background: #84D1E8; white-space: nowrap; padding: 10px; height: 35px; letter-spacing: 0;" onclick="window.location='/cart'">IN CART</button>
</div>


</div>

<script>        
  var pickingStore = (!$.cookie("picking_store")) ? 73 : $.cookie("picking_store"); 
  var pickingStoreVariant = "s:"+pickingStore;
  
  for (var i = 0; i < partsOfStr.length; i++){
    var variantArray = partsOfStr[i].split(',');
    var showProduct = false;    
    
    if (variantArray[0].trim() == pickingStoreVariant.trim()){
      showProduct = true;
      productOfOrigin = variantArray[1];
      var special =  variantArray[2]; 
      var additional = variantArray[3];       
      var variantId = variantArray[4];
      var price =  variantArray[5];
      var compareAtPrice = variantArray[6];
      var conversionFactor = $("#product-33313392656443").data("conversion-factor");                               
      var uom = $("#product-33313392656443").data("uom");
      var hideInState = $("#product-33313392656443").data("hideinstate");      
      
      if(additional){                
        $("#product-33313392656443 .additional .sale").html(additional.toUpperCase());
        $("#product-33313392656443 .additional").show();
      }
      
      $("#product-33313392656443 .btn").attr('data-id',variantId);      
      $("#product-33313392656443 .btn").attr('data-cap',compareAtPrice);          
      $("#product-33313392656443 .caption .salecontainer .sale .from_price").html('$' + (variantArray[5]/100).toFixed(2));         
        
      if(special != "Default"){          
        $("#product-33313392656443 .caption .unit_price .from_price").addClass("is-special");            
      }
            
      if (!compareAtPrice){
        if (uom != "" && uom ){ 
          $("#product-33313392656443 .caption .salecontainer .sale .compare_at_price").html('<small>$'+((price*conversionFactor)/100).toFixed(2)+" "+uom+'</small>');
        } 
      }
      else{
        $("#product-33313392656443 .caption .salecontainer .sale .compare_at_price").html('<small>$' + (variantArray[6]/100).toFixed(2) + ' per kg</small>');              
      }
        
      if((parseInt(variantArray[7])<=0) || (hideInState.indexOf(currState) != -1)){
        $("#product-33313392656443 .ajax-add-to-cart-quick").html("<p class='error'>Out of Stock</p>");          
        $("#product-33313392656443 a").css({"pointer-events":"none"});          
        $("#product-33313392656443").remove();
        console.log(variantId + " removed.");            
      }
      else{
        $("#product-33313392656443").addClass("in-stock");
        
        var items = $("#headercartvals").attr("data-items").split(";");

        $.each(items, function(index, item) {
          if (item){ 
            var itemId = item.split("-")[0];
            var itemQty = item.split("-")[1];

            if(variantArray[4] === itemId){
              $("#product-33313392656443").find(".ajax-add-to-cart-quick").hide();
              $("#product-33313392656443").find(".ajax-update-cart .addToCartInput").val(itemQty);
              $("#product-33313392656443").find(".ajax-update-cart").show();
              return;                       
            } 
          }
        });                              
      }      
    }
  }                         
  $(".product-item").not(".in-stock").hide();              
</script>

<script>

    var productId =  null;
    var productObj = null;
    
        productId = "#product-33313392656443";
        productObj = $(productId).find('.product-of-origin');
    

    // product of origin second part of the rule
    if(productOfOrigin == "Default"){
        $(productObj).html("Product of Australia");
    } else if (productOfOrigin == "Packaged in") {
        $(productObj).html("Packed in Australia from Imported Ingredients");
    } else if (productOfOrigin == "Packaged in local") {
        $(productObj).html("Packed in Australia from Imported and Local Ingredients");
    } else if (productOfOrigin == "Made In") {
        $(productObj).html("Made in Australia from Imported Ingredients");
    } else if (productOfOrigin == "Made in local") {
        $(productObj).html("Made in Australia from Imported and Local Ingredients"); 
    } else{
        $(productObj).html("Product of "+ productOfOrigin);
    }

</script> 


        
           








<div class="product-item columns large-2 in-stock" id="product-21175432446011" data-variants="s:1,,,,21175432446011,2249,1799,0;s:73,Australia,,,21175432478779,2249,1799,3;" data-s1="0" data-s73="3" data-sort-tag="" data-shopify-sku="602317" data-uom="per kg" data-conversion-factor="0.8" data-hideinstate="-">
  <script>
    var variants = addslashes("s:1,Default,Default,,21175432446011,2249,1799,0;s:73,Australia,Default,,21175432478779,2249,1799,3;"); 
	var partsOfStr = variants.split(';');
  </script>
  
  <div class="collection-image">
    <div class="additional" style="width: 100%; height: auto; position: absolute; left: 0px; top: 0px; background: rgba(183, 183, 183, 0.37); color: white; padding: 4px; display: none">
      <span class="sale" style="font-size: 14px; color: black;"></span></div>
    <a href="/collections/beef/products/swan-bay-butchers-beef-girello-roast-602317">
      <img class="lazyOwl" data-src="//cdn.shopify.com/s/files/1/0206/9470/products/602317-1-done_1562a7f9-a274-44db-b448-d48aa21eb268_large.jpg?v=1595710738" src="//cdn.shopify.com/s/files/1/0206/9470/products/602317-1-done_1562a7f9-a274-44db-b448-d48aa21eb268_medium.jpg?v=1595710738" alt="Swan Bay Butchers - Beef - Girello Roast | Harris Farm Online" style="height: 100%; width: 100%">
    </a>
  </div>   
  <!-- .coll-image-wrap -->

  <div class="caption">
    
    <div class="box-title">
      
      <p class="title" style="height: 45px; font-size: 12px;">
        <a href="/collections/beef/products/swan-bay-butchers-beef-girello-roast-602317">
          Swan Bay Butchers Beef Girello Roast 900g-1.25kg 
        </a>
      </p>
      
      <script>
    var productOfOrigin;
</script>

    
    

    <!-- product of origin first part of the rule -->
    

    
    

    <!-- product of origin first part of the rule -->
    

    
    

    <!-- product of origin first part of the rule -->
    

    
    

    <!-- product of origin first part of the rule -->
    

    
    

    <!-- product of origin first part of the rule -->
    

    
    

    <!-- product of origin first part of the rule -->
    

    
    

    <!-- product of origin first part of the rule -->
    

    
    

    <!-- product of origin first part of the rule -->
    

    
    

    <!-- product of origin first part of the rule -->
    

    
    

    <!-- product of origin first part of the rule -->
    




      <div class="salecontainer">
        <span class="sale">			

          <span class="unit_price"><strong><span class="from_price">$22.49</span> <small>ea</small></strong></span><br>
    		  <span class="compare_at_price unit_price"><small>$17.99 per kg</small></span> 
        </span>
      </div>

    </div>


  </div><!-- .coll-prod-caption -->

  
<div class="ajax-add-to-cart-quick custom-form" style="position:absolute; left:0; right:0; bottom:-10px; justify-content:center;">  
  <select name="quantity" class="addToCartSelect">    
    
    	<option value="1">1</option>
    
    	<option value="2">2</option>
    
    	<option value="3">3</option>
    
    	<option value="4">4</option>
    
    	<option value="5">5</option>
    
    	<option value="6">6</option>
    
    	<option value="7">7</option>
    
    	<option value="8">8</option>
    
    	<option value="9">9</option>
    
    	<option value="10">10</option>
    
    	<option value="11">11</option>
    
    	<option value="12">12</option>
    
    	<option value="13">13</option>
    
    	<option value="14">14</option>
    
    	<option value="15">15</option>
    
    	<option value="16">16</option>
    
    	<option value="17">17</option>
    
    	<option value="18">18</option>
    
    	<option value="19">19</option>
    
    	<option value="20">20</option>
    
  </select>&nbsp; 
  <button class="btn addToCartButton" type="button" name="add" data-id="21175432478779" data-weather="" data-wholesale="" data-cap="1799" data-slider="" data-seafood="" data-juice="" data-mealkit="" data-loosesalad="" data-instorebakery="" data-shortdate="" data-hideinstate="-" style="white-space: nowrap; padding: 10px; height: 35px; width: 75px; letter-spacing: 0;">ADD</button>
</div>

<div class="ajax-update-cart custom-form" style="position:absolute; left:0; right:0; bottom:-10px; justify-content:center; display:none;">
  <a href="javascript:;" class="minusitem"><img src="//cdn.shopify.com/s/files/1/0206/9470/t/232/assets/MinusIcon.jpg?v=8086515874301911391" style="width: 30px; height: 35px;"></a>
  <input type="text" pattern="[0-9.]+" class="ajaxquantity addToCartInput" name="quantity" value="" readonly="" style="display:inline-block">
  <div class="lds-ring"><div></div><div></div><div></div><div></div></div>
  <a href="javascript:;" class="plusitem"><img src="//cdn.shopify.com/s/files/1/0206/9470/t/232/assets/PlusIcon.jpg?v=15674260478820120933" style="width: 30px; height: 35px;"></a>&nbsp; 
  <button class="btn addToCartButton" type="button" name="add" data-id="21175432478779" data-weather="" data-wholesale="" data-cap="1799" data-slider="" data-seafood="" data-juice="" data-mealkit="" data-loosesalad="" data-instorebakery="" data-shortdate="" data-hideinstate="-" style="background: #84D1E8; white-space: nowrap; padding: 10px; height: 35px; letter-spacing: 0;" onclick="window.location='/cart'">IN CART</button>
</div>


</div>

<script>        
  var pickingStore = (!$.cookie("picking_store")) ? 73 : $.cookie("picking_store"); 
  var pickingStoreVariant = "s:"+pickingStore;
  
  for (var i = 0; i < partsOfStr.length; i++){
    var variantArray = partsOfStr[i].split(',');
    var showProduct = false;    
    
    if (variantArray[0].trim() == pickingStoreVariant.trim()){
      showProduct = true;
      productOfOrigin = variantArray[1];
      var special =  variantArray[2]; 
      var additional = variantArray[3];       
      var variantId = variantArray[4];
      var price =  variantArray[5];
      var compareAtPrice = variantArray[6];
      var conversionFactor = $("#product-21175432446011").data("conversion-factor");                               
      var uom = $("#product-21175432446011").data("uom");
      var hideInState = $("#product-21175432446011").data("hideinstate");      
      
      if(additional){                
        $("#product-21175432446011 .additional .sale").html(additional.toUpperCase());
        $("#product-21175432446011 .additional").show();
      }
      
      $("#product-21175432446011 .btn").attr('data-id',variantId);      
      $("#product-21175432446011 .btn").attr('data-cap',compareAtPrice);          
      $("#product-21175432446011 .caption .salecontainer .sale .from_price").html('$' + (variantArray[5]/100).toFixed(2));         
        
      if(special != "Default"){          
        $("#product-21175432446011 .caption .unit_price .from_price").addClass("is-special");            
      }
            
      if (!compareAtPrice){
        if (uom != "" && uom ){ 
          $("#product-21175432446011 .caption .salecontainer .sale .compare_at_price").html('<small>$'+((price*conversionFactor)/100).toFixed(2)+" "+uom+'</small>');
        } 
      }
      else{
        $("#product-21175432446011 .caption .salecontainer .sale .compare_at_price").html('<small>$' + (variantArray[6]/100).toFixed(2) + ' per kg</small>');              
      }
        
      if((parseInt(variantArray[7])<=0) || (hideInState.indexOf(currState) != -1)){
        $("#product-21175432446011 .ajax-add-to-cart-quick").html("<p class='error'>Out of Stock</p>");          
        $("#product-21175432446011 a").css({"pointer-events":"none"});          
        $("#product-21175432446011").remove();
        console.log(variantId + " removed.");            
      }
      else{
        $("#product-21175432446011").addClass("in-stock");
        
        var items = $("#headercartvals").attr("data-items").split(";");

        $.each(items, function(index, item) {
          if (item){ 
            var itemId = item.split("-")[0];
            var itemQty = item.split("-")[1];

            if(variantArray[4] === itemId){
              $("#product-21175432446011").find(".ajax-add-to-cart-quick").hide();
              $("#product-21175432446011").find(".ajax-update-cart .addToCartInput").val(itemQty);
              $("#product-21175432446011").find(".ajax-update-cart").show();
              return;                       
            } 
          }
        });                              
      }      
    }
  }                         
  $(".product-item").not(".in-stock").hide();              
</script>

<script>

    var productId =  null;
    var productObj = null;
    
        productId = "#product-21175432446011";
        productObj = $(productId).find('.product-of-origin');
    

    // product of origin second part of the rule
    if(productOfOrigin == "Default"){
        $(productObj).html("Product of Australia");
    } else if (productOfOrigin == "Packaged in") {
        $(productObj).html("Packed in Australia from Imported Ingredients");
    } else if (productOfOrigin == "Packaged in local") {
        $(productObj).html("Packed in Australia from Imported and Local Ingredients");
    } else if (productOfOrigin == "Made In") {
        $(productObj).html("Made in Australia from Imported Ingredients");
    } else if (productOfOrigin == "Made in local") {
        $(productObj).html("Made in Australia from Imported and Local Ingredients"); 
    } else{
        $(productObj).html("Product of "+ productOfOrigin);
    }

</script> 


        
           








<div class="product-item columns large-2 in-stock" id="product-21175456759867" data-variants="s:1,,,,21175456759867,7747,2499,0;s:73,Australia,,,21175456792635,7747,2499,3;" data-s1="0" data-s73="3" data-sort-tag="" data-shopify-sku="602321" data-uom="per kg" data-conversion-factor="0.322580645161290323" data-hideinstate="-">
  <script>
    var variants = addslashes("s:1,Default,Default,,21175456759867,7747,2499,0;s:73,Australia,Default,,21175456792635,7747,2499,3;"); 
	var partsOfStr = variants.split(';');
  </script>
  
  <div class="collection-image">
    <div class="additional" style="width: 100%; height: auto; position: absolute; left: 0px; top: 0px; background: rgba(183, 183, 183, 0.37); color: white; padding: 4px; display: none">
      <span class="sale" style="font-size: 14px; color: black;"></span></div>
    <a href="/collections/beef/products/swan-bay-butchers-beef-rump-602321">
      <img class="lazyOwl" data-src="//cdn.shopify.com/s/files/1/0206/9470/products/602321-done_large.jpg?v=1594789603" src="//cdn.shopify.com/s/files/1/0206/9470/products/602321-done_medium.jpg?v=1594789603" alt="Swan Bay Butchers - Beef Rump | Harris Farm Online" style="height: 100%; width: 100%">
    </a>
  </div>   
  <!-- .coll-image-wrap -->

  <div class="caption">
    
    <div class="box-title">
      
      <p class="title" style="height: 45px; font-size: 12px;">
        <a href="/collections/beef/products/swan-bay-butchers-beef-rump-602321">
          Swan Bay Butchers Beef Rump 1.7-3.1kg 
        </a>
      </p>
      
      <script>
    var productOfOrigin;
</script>

    
    

    <!-- product of origin first part of the rule -->
    

    
    

    <!-- product of origin first part of the rule -->
    

    
    

    <!-- product of origin first part of the rule -->
    

    
    

    <!-- product of origin first part of the rule -->
    

    
    

    <!-- product of origin first part of the rule -->
    

    
    

    <!-- product of origin first part of the rule -->
    

    
    

    <!-- product of origin first part of the rule -->
    

    
    

    <!-- product of origin first part of the rule -->
    

    
    

    <!-- product of origin first part of the rule -->
    

    
    

    <!-- product of origin first part of the rule -->
    




      <div class="salecontainer">
        <span class="sale">			

          <span class="unit_price"><strong><span class="from_price">$77.47</span> <small>ea</small></strong></span><br>
    		  <span class="compare_at_price unit_price"><small>$24.99 per kg</small></span> 
        </span>
      </div>

    </div>


  </div><!-- .coll-prod-caption -->

  
<div class="ajax-add-to-cart-quick custom-form" style="position:absolute; left:0; right:0; bottom:-10px; justify-content:center;">  
  <select name="quantity" class="addToCartSelect">    
    
    	<option value="1">1</option>
    
    	<option value="2">2</option>
    
    	<option value="3">3</option>
    
    	<option value="4">4</option>
    
    	<option value="5">5</option>
    
    	<option value="6">6</option>
    
    	<option value="7">7</option>
    
    	<option value="8">8</option>
    
    	<option value="9">9</option>
    
    	<option value="10">10</option>
    
    	<option value="11">11</option>
    
    	<option value="12">12</option>
    
    	<option value="13">13</option>
    
    	<option value="14">14</option>
    
    	<option value="15">15</option>
    
    	<option value="16">16</option>
    
    	<option value="17">17</option>
    
    	<option value="18">18</option>
    
    	<option value="19">19</option>
    
    	<option value="20">20</option>
    
  </select>&nbsp; 
  <button class="btn addToCartButton" type="button" name="add" data-id="21175456792635" data-weather="" data-wholesale="" data-cap="2499" data-slider="" data-seafood="" data-juice="" data-mealkit="" data-loosesalad="" data-instorebakery="" data-shortdate="" data-hideinstate="-" style="white-space: nowrap; padding: 10px; height: 35px; width: 75px; letter-spacing: 0;">ADD</button>
</div>

<div class="ajax-update-cart custom-form" style="position:absolute; left:0; right:0; bottom:-10px; justify-content:center; display:none;">
  <a href="javascript:;" class="minusitem"><img src="//cdn.shopify.com/s/files/1/0206/9470/t/232/assets/MinusIcon.jpg?v=8086515874301911391" style="width: 30px; height: 35px;"></a>
  <input type="text" pattern="[0-9.]+" class="ajaxquantity addToCartInput" name="quantity" value="" readonly="" style="display:inline-block">
  <div class="lds-ring"><div></div><div></div><div></div><div></div></div>
  <a href="javascript:;" class="plusitem"><img src="//cdn.shopify.com/s/files/1/0206/9470/t/232/assets/PlusIcon.jpg?v=15674260478820120933" style="width: 30px; height: 35px;"></a>&nbsp; 
  <button class="btn addToCartButton" type="button" name="add" data-id="21175456792635" data-weather="" data-wholesale="" data-cap="2499" data-slider="" data-seafood="" data-juice="" data-mealkit="" data-loosesalad="" data-instorebakery="" data-shortdate="" data-hideinstate="-" style="background: #84D1E8; white-space: nowrap; padding: 10px; height: 35px; letter-spacing: 0;" onclick="window.location='/cart'">IN CART</button>
</div>


</div>

<script>        
  var pickingStore = (!$.cookie("picking_store")) ? 73 : $.cookie("picking_store"); 
  var pickingStoreVariant = "s:"+pickingStore;
  
  for (var i = 0; i < partsOfStr.length; i++){
    var variantArray = partsOfStr[i].split(',');
    var showProduct = false;    
    
    if (variantArray[0].trim() == pickingStoreVariant.trim()){
      showProduct = true;
      productOfOrigin = variantArray[1];
      var special =  variantArray[2]; 
      var additional = variantArray[3];       
      var variantId = variantArray[4];
      var price =  variantArray[5];
      var compareAtPrice = variantArray[6];
      var conversionFactor = $("#product-21175456759867").data("conversion-factor");                               
      var uom = $("#product-21175456759867").data("uom");
      var hideInState = $("#product-21175456759867").data("hideinstate");      
      
      if(additional){                
        $("#product-21175456759867 .additional .sale").html(additional.toUpperCase());
        $("#product-21175456759867 .additional").show();
      }
      
      $("#product-21175456759867 .btn").attr('data-id',variantId);      
      $("#product-21175456759867 .btn").attr('data-cap',compareAtPrice);          
      $("#product-21175456759867 .caption .salecontainer .sale .from_price").html('$' + (variantArray[5]/100).toFixed(2));         
        
      if(special != "Default"){          
        $("#product-21175456759867 .caption .unit_price .from_price").addClass("is-special");            
      }
            
      if (!compareAtPrice){
        if (uom != "" && uom ){ 
          $("#product-21175456759867 .caption .salecontainer .sale .compare_at_price").html('<small>$'+((price*conversionFactor)/100).toFixed(2)+" "+uom+'</small>');
        } 
      }
      else{
        $("#product-21175456759867 .caption .salecontainer .sale .compare_at_price").html('<small>$' + (variantArray[6]/100).toFixed(2) + ' per kg</small>');              
      }
        
      if((parseInt(variantArray[7])<=0) || (hideInState.indexOf(currState) != -1)){
        $("#product-21175456759867 .ajax-add-to-cart-quick").html("<p class='error'>Out of Stock</p>");          
        $("#product-21175456759867 a").css({"pointer-events":"none"});          
        $("#product-21175456759867").remove();
        console.log(variantId + " removed.");            
      }
      else{
        $("#product-21175456759867").addClass("in-stock");
        
        var items = $("#headercartvals").attr("data-items").split(";");

        $.each(items, function(index, item) {
          if (item){ 
            var itemId = item.split("-")[0];
            var itemQty = item.split("-")[1];

            if(variantArray[4] === itemId){
              $("#product-21175456759867").find(".ajax-add-to-cart-quick").hide();
              $("#product-21175456759867").find(".ajax-update-cart .addToCartInput").val(itemQty);
              $("#product-21175456759867").find(".ajax-update-cart").show();
              return;                       
            } 
          }
        });                              
      }      
    }
  }                         
  $(".product-item").not(".in-stock").hide();              
</script>

<script>

    var productId =  null;
    var productObj = null;
    
        productId = "#product-21175456759867";
        productObj = $(productId).find('.product-of-origin');
    

    // product of origin second part of the rule
    if(productOfOrigin == "Default"){
        $(productObj).html("Product of Australia");
    } else if (productOfOrigin == "Packaged in") {
        $(productObj).html("Packed in Australia from Imported Ingredients");
    } else if (productOfOrigin == "Packaged in local") {
        $(productObj).html("Packed in Australia from Imported and Local Ingredients");
    } else if (productOfOrigin == "Made In") {
        $(productObj).html("Made in Australia from Imported Ingredients");
    } else if (productOfOrigin == "Made in local") {
        $(productObj).html("Made in Australia from Imported and Local Ingredients"); 
    } else{
        $(productObj).html("Product of "+ productOfOrigin);
    }

</script> 


        
           








<div class="product-item columns large-2 in-stock" id="product-3810260485" data-variants="s:1,Australia,,,3810260485,2100,6999,0;s:73,Australia,,,2165812396041,2100,6999,4;" data-s1="0" data-s73="4" data-sort-tag="" data-shopify-sku="554385" data-uom="per kg" data-conversion-factor="3.33333333333333333" data-hideinstate="-">
  <script>
    var variants = addslashes("s:1,Australia,Default,,3810260485,2100,6999,0;s:73,Australia,Default,,2165812396041,2100,6999,4;"); 
	var partsOfStr = variants.split(';');
  </script>
  
  <div class="collection-image">
    <div class="additional" style="width: 100%; height: auto; position: absolute; left: 0px; top: 0px; background: rgba(183, 183, 183, 0.37); color: white; padding: 4px; display: none">
      <span class="sale" style="font-size: 14px; color: black;"></span></div>
    <a href="/collections/beef/products/grass-fed-tara-valley-beef-eye-fillet-steak-554385">
      <img class="lazyOwl" data-src="//cdn.shopify.com/s/files/1/0206/9470/products/554385-done_large.jpg?v=1608343539" src="//cdn.shopify.com/s/files/1/0206/9470/products/554385-done_medium.jpg?v=1608343539" alt="Grass Fed Tara Valley Beef Eye Fillet Steak | Harris Farm Online" style="height: 100%; width: 100%">
    </a>
  </div>   
  <!-- .coll-image-wrap -->

  <div class="caption">
    
    <div class="box-title">
      
      <p class="title" style="height: 45px; font-size: 12px;">
        <a href="/collections/beef/products/grass-fed-tara-valley-beef-eye-fillet-steak-554385">
          Tara Valley Beef Grass Fed Eye Fillet Steak 200-300g 
        </a>
      </p>
      
      <script>
    var productOfOrigin;
</script>

    
    

    <!-- product of origin first part of the rule -->
    

    
    

    <!-- product of origin first part of the rule -->
    

    
    

    <!-- product of origin first part of the rule -->
    

    
    

    <!-- product of origin first part of the rule -->
    

    
    

    <!-- product of origin first part of the rule -->
    

    
    

    <!-- product of origin first part of the rule -->
    

    
    

    <!-- product of origin first part of the rule -->
    




      <div class="salecontainer">
        <span class="sale">			

          <span class="unit_price"><strong><span class="from_price">$21.00</span> <small>ea</small></strong></span><br>
    		  <span class="compare_at_price unit_price"><small>$69.99 per kg</small></span> 
        </span>
      </div>

    </div>


  </div><!-- .coll-prod-caption -->

  
<div class="ajax-add-to-cart-quick custom-form" style="position:absolute; left:0; right:0; bottom:-10px; justify-content:center;">  
  <select name="quantity" class="addToCartSelect">    
    
    	<option value="1">1</option>
    
    	<option value="2">2</option>
    
    	<option value="3">3</option>
    
    	<option value="4">4</option>
    
    	<option value="5">5</option>
    
    	<option value="6">6</option>
    
    	<option value="7">7</option>
    
    	<option value="8">8</option>
    
    	<option value="9">9</option>
    
    	<option value="10">10</option>
    
    	<option value="11">11</option>
    
    	<option value="12">12</option>
    
    	<option value="13">13</option>
    
    	<option value="14">14</option>
    
    	<option value="15">15</option>
    
    	<option value="16">16</option>
    
    	<option value="17">17</option>
    
    	<option value="18">18</option>
    
    	<option value="19">19</option>
    
    	<option value="20">20</option>
    
  </select>&nbsp; 
  <button class="btn addToCartButton" type="button" name="add" data-id="2165812396041" data-weather="" data-wholesale="" data-cap="6999" data-slider="" data-seafood="" data-juice="" data-mealkit="" data-loosesalad="" data-instorebakery="" data-shortdate="" data-hideinstate="-" style="white-space: nowrap; padding: 10px; height: 35px; width: 75px; letter-spacing: 0;">ADD</button>
</div>

<div class="ajax-update-cart custom-form" style="position:absolute; left:0; right:0; bottom:-10px; justify-content:center; display:none;">
  <a href="javascript:;" class="minusitem"><img src="//cdn.shopify.com/s/files/1/0206/9470/t/232/assets/MinusIcon.jpg?v=8086515874301911391" style="width: 30px; height: 35px;"></a>
  <input type="text" pattern="[0-9.]+" class="ajaxquantity addToCartInput" name="quantity" value="" readonly="" style="display:inline-block">
  <div class="lds-ring"><div></div><div></div><div></div><div></div></div>
  <a href="javascript:;" class="plusitem"><img src="//cdn.shopify.com/s/files/1/0206/9470/t/232/assets/PlusIcon.jpg?v=15674260478820120933" style="width: 30px; height: 35px;"></a>&nbsp; 
  <button class="btn addToCartButton" type="button" name="add" data-id="2165812396041" data-weather="" data-wholesale="" data-cap="6999" data-slider="" data-seafood="" data-juice="" data-mealkit="" data-loosesalad="" data-instorebakery="" data-shortdate="" data-hideinstate="-" style="background: #84D1E8; white-space: nowrap; padding: 10px; height: 35px; letter-spacing: 0;" onclick="window.location='/cart'">IN CART</button>
</div>


</div>

<script>        
  var pickingStore = (!$.cookie("picking_store")) ? 73 : $.cookie("picking_store"); 
  var pickingStoreVariant = "s:"+pickingStore;
  
  for (var i = 0; i < partsOfStr.length; i++){
    var variantArray = partsOfStr[i].split(',');
    var showProduct = false;    
    
    if (variantArray[0].trim() == pickingStoreVariant.trim()){
      showProduct = true;
      productOfOrigin = variantArray[1];
      var special =  variantArray[2]; 
      var additional = variantArray[3];       
      var variantId = variantArray[4];
      var price =  variantArray[5];
      var compareAtPrice = variantArray[6];
      var conversionFactor = $("#product-3810260485").data("conversion-factor");                               
      var uom = $("#product-3810260485").data("uom");
      var hideInState = $("#product-3810260485").data("hideinstate");      
      
      if(additional){                
        $("#product-3810260485 .additional .sale").html(additional.toUpperCase());
        $("#product-3810260485 .additional").show();
      }
      
      $("#product-3810260485 .btn").attr('data-id',variantId);      
      $("#product-3810260485 .btn").attr('data-cap',compareAtPrice);          
      $("#product-3810260485 .caption .salecontainer .sale .from_price").html('$' + (variantArray[5]/100).toFixed(2));         
        
      if(special != "Default"){          
        $("#product-3810260485 .caption .unit_price .from_price").addClass("is-special");            
      }
            
      if (!compareAtPrice){
        if (uom != "" && uom ){ 
          $("#product-3810260485 .caption .salecontainer .sale .compare_at_price").html('<small>$'+((price*conversionFactor)/100).toFixed(2)+" "+uom+'</small>');
        } 
      }
      else{
        $("#product-3810260485 .caption .salecontainer .sale .compare_at_price").html('<small>$' + (variantArray[6]/100).toFixed(2) + ' per kg</small>');              
      }
        
      if((parseInt(variantArray[7])<=0) || (hideInState.indexOf(currState) != -1)){
        $("#product-3810260485 .ajax-add-to-cart-quick").html("<p class='error'>Out of Stock</p>");          
        $("#product-3810260485 a").css({"pointer-events":"none"});          
        $("#product-3810260485").remove();
        console.log(variantId + " removed.");            
      }
      else{
        $("#product-3810260485").addClass("in-stock");
        
        var items = $("#headercartvals").attr("data-items").split(";");

        $.each(items, function(index, item) {
          if (item){ 
            var itemId = item.split("-")[0];
            var itemQty = item.split("-")[1];

            if(variantArray[4] === itemId){
              $("#product-3810260485").find(".ajax-add-to-cart-quick").hide();
              $("#product-3810260485").find(".ajax-update-cart .addToCartInput").val(itemQty);
              $("#product-3810260485").find(".ajax-update-cart").show();
              return;                       
            } 
          }
        });                              
      }      
    }
  }                         
  $(".product-item").not(".in-stock").hide();              
</script>

<script>

    var productId =  null;
    var productObj = null;
    
        productId = "#product-3810260485";
        productObj = $(productId).find('.product-of-origin');
    

    // product of origin second part of the rule
    if(productOfOrigin == "Default"){
        $(productObj).html("Product of Australia");
    } else if (productOfOrigin == "Packaged in") {
        $(productObj).html("Packed in Australia from Imported Ingredients");
    } else if (productOfOrigin == "Packaged in local") {
        $(productObj).html("Packed in Australia from Imported and Local Ingredients");
    } else if (productOfOrigin == "Made In") {
        $(productObj).html("Made in Australia from Imported Ingredients");
    } else if (productOfOrigin == "Made in local") {
        $(productObj).html("Made in Australia from Imported and Local Ingredients"); 
    } else{
        $(productObj).html("Product of "+ productOfOrigin);
    }

</script> 


        
           








<div class="product-item columns large-2 in-stock" id="product-33196838409" data-variants="s:1,Australia,,,33196838409,700,,0;s:73,Australia,,,2165802860553,700,,29;" data-s1="0" data-s73="29" data-sort-tag="" data-shopify-sku="554405" data-uom="per kg" data-conversion-factor="2" data-hideinstate="-">
  <script>
    var variants = addslashes("s:1,Australia,Default,,33196838409,700,,0;s:73,Australia,Default,,2165802860553,700,,29;"); 
	var partsOfStr = variants.split(';');
  </script>
  
  <div class="collection-image">
    <div class="additional" style="width: 100%; height: auto; position: absolute; left: 0px; top: 0px; background: rgba(183, 183, 183, 0.37); color: white; padding: 4px; display: none">
      <span class="sale" style="font-size: 14px; color: black;"></span></div>
    <a href="/collections/beef/products/tara-valley-beef-pork-mince-554405">
      <img class="lazyOwl" data-src="//cdn.shopify.com/s/files/1/0206/9470/products/554405-done_large.jpg?v=1615780439" src="//cdn.shopify.com/s/files/1/0206/9470/products/554405-done_medium.jpg?v=1615780439" alt="Tara Valley Brilliant Bolognaise Beef and Pork Mince | Harris Farm Online" style="height: 100%; width: 100%">
    </a>
  </div>   
  <!-- .coll-image-wrap -->

  <div class="caption">
    
    <div class="box-title">
      
      <p class="title" style="height: 52px; font-size: 12px;">
        <a href="/collections/beef/products/tara-valley-beef-pork-mince-554405">
          Tara Valley Brilliant Bolognaise Beef and Pork Mince 500g 
        </a>
      </p>
      
      <script>
    var productOfOrigin;
</script>

    
    

    <!-- product of origin first part of the rule -->
    

    
    

    <!-- product of origin first part of the rule -->
    

    
    

    <!-- product of origin first part of the rule -->
    

    
    

    <!-- product of origin first part of the rule -->
    

    
    

    <!-- product of origin first part of the rule -->
    

    
    

    <!-- product of origin first part of the rule -->
    

    
    

    <!-- product of origin first part of the rule -->
    




      <div class="salecontainer">
        <span class="sale">			

          <span class="unit_price"><strong><span class="from_price">$7.00</span> <small>ea</small></strong></span><br>
    		  <span class="compare_at_price unit_price"><small>$14.00 per kg</small></span> 
        </span>
      </div>

    </div>


  </div><!-- .coll-prod-caption -->

  
<div class="ajax-add-to-cart-quick custom-form" style="position:absolute; left:0; right:0; bottom:-10px; justify-content:center;">  
  <select name="quantity" class="addToCartSelect">    
    
    	<option value="1">1</option>
    
    	<option value="2">2</option>
    
    	<option value="3">3</option>
    
    	<option value="4">4</option>
    
    	<option value="5">5</option>
    
    	<option value="6">6</option>
    
    	<option value="7">7</option>
    
    	<option value="8">8</option>
    
    	<option value="9">9</option>
    
    	<option value="10">10</option>
    
    	<option value="11">11</option>
    
    	<option value="12">12</option>
    
    	<option value="13">13</option>
    
    	<option value="14">14</option>
    
    	<option value="15">15</option>
    
    	<option value="16">16</option>
    
    	<option value="17">17</option>
    
    	<option value="18">18</option>
    
    	<option value="19">19</option>
    
    	<option value="20">20</option>
    
  </select>&nbsp; 
  <button class="btn addToCartButton" type="button" name="add" data-id="2165802860553" data-weather="" data-wholesale="" data-cap="" data-slider="" data-seafood="" data-juice="" data-mealkit="" data-loosesalad="" data-instorebakery="" data-shortdate="" data-hideinstate="-" style="white-space: nowrap; padding: 10px; height: 35px; width: 75px; letter-spacing: 0;">ADD</button>
</div>

<div class="ajax-update-cart custom-form" style="position:absolute; left:0; right:0; bottom:-10px; justify-content:center; display:none;">
  <a href="javascript:;" class="minusitem"><img src="//cdn.shopify.com/s/files/1/0206/9470/t/232/assets/MinusIcon.jpg?v=8086515874301911391" style="width: 30px; height: 35px;"></a>
  <input type="text" pattern="[0-9.]+" class="ajaxquantity addToCartInput" name="quantity" value="" readonly="" style="display:inline-block">
  <div class="lds-ring"><div></div><div></div><div></div><div></div></div>
  <a href="javascript:;" class="plusitem"><img src="//cdn.shopify.com/s/files/1/0206/9470/t/232/assets/PlusIcon.jpg?v=15674260478820120933" style="width: 30px; height: 35px;"></a>&nbsp; 
  <button class="btn addToCartButton" type="button" name="add" data-id="2165802860553" data-weather="" data-wholesale="" data-cap="" data-slider="" data-seafood="" data-juice="" data-mealkit="" data-loosesalad="" data-instorebakery="" data-shortdate="" data-hideinstate="-" style="background: #84D1E8; white-space: nowrap; padding: 10px; height: 35px; letter-spacing: 0;" onclick="window.location='/cart'">IN CART</button>
</div>


</div>

<script>        
  var pickingStore = (!$.cookie("picking_store")) ? 73 : $.cookie("picking_store"); 
  var pickingStoreVariant = "s:"+pickingStore;
  
  for (var i = 0; i < partsOfStr.length; i++){
    var variantArray = partsOfStr[i].split(',');
    var showProduct = false;    
    
    if (variantArray[0].trim() == pickingStoreVariant.trim()){
      showProduct = true;
      productOfOrigin = variantArray[1];
      var special =  variantArray[2]; 
      var additional = variantArray[3];       
      var variantId = variantArray[4];
      var price =  variantArray[5];
      var compareAtPrice = variantArray[6];
      var conversionFactor = $("#product-33196838409").data("conversion-factor");                               
      var uom = $("#product-33196838409").data("uom");
      var hideInState = $("#product-33196838409").data("hideinstate");      
      
      if(additional){                
        $("#product-33196838409 .additional .sale").html(additional.toUpperCase());
        $("#product-33196838409 .additional").show();
      }
      
      $("#product-33196838409 .btn").attr('data-id',variantId);      
      $("#product-33196838409 .btn").attr('data-cap',compareAtPrice);          
      $("#product-33196838409 .caption .salecontainer .sale .from_price").html('$' + (variantArray[5]/100).toFixed(2));         
        
      if(special != "Default"){          
        $("#product-33196838409 .caption .unit_price .from_price").addClass("is-special");            
      }
            
      if (!compareAtPrice){
        if (uom != "" && uom ){ 
          $("#product-33196838409 .caption .salecontainer .sale .compare_at_price").html('<small>$'+((price*conversionFactor)/100).toFixed(2)+" "+uom+'</small>');
        } 
      }
      else{
        $("#product-33196838409 .caption .salecontainer .sale .compare_at_price").html('<small>$' + (variantArray[6]/100).toFixed(2) + ' per kg</small>');              
      }
        
      if((parseInt(variantArray[7])<=0) || (hideInState.indexOf(currState) != -1)){
        $("#product-33196838409 .ajax-add-to-cart-quick").html("<p class='error'>Out of Stock</p>");          
        $("#product-33196838409 a").css({"pointer-events":"none"});          
        $("#product-33196838409").remove();
        console.log(variantId + " removed.");            
      }
      else{
        $("#product-33196838409").addClass("in-stock");
        
        var items = $("#headercartvals").attr("data-items").split(";");

        $.each(items, function(index, item) {
          if (item){ 
            var itemId = item.split("-")[0];
            var itemQty = item.split("-")[1];

            if(variantArray[4] === itemId){
              $("#product-33196838409").find(".ajax-add-to-cart-quick").hide();
              $("#product-33196838409").find(".ajax-update-cart .addToCartInput").val(itemQty);
              $("#product-33196838409").find(".ajax-update-cart").show();
              return;                       
            } 
          }
        });                              
      }      
    }
  }                         
  $(".product-item").not(".in-stock").hide();              
</script>

<script>

    var productId =  null;
    var productObj = null;
    
        productId = "#product-33196838409";
        productObj = $(productId).find('.product-of-origin');
    

    // product of origin second part of the rule
    if(productOfOrigin == "Default"){
        $(productObj).html("Product of Australia");
    } else if (productOfOrigin == "Packaged in") {
        $(productObj).html("Packed in Australia from Imported Ingredients");
    } else if (productOfOrigin == "Packaged in local") {
        $(productObj).html("Packed in Australia from Imported and Local Ingredients");
    } else if (productOfOrigin == "Made In") {
        $(productObj).html("Made in Australia from Imported Ingredients");
    } else if (productOfOrigin == "Made in local") {
        $(productObj).html("Made in Australia from Imported and Local Ingredients"); 
    } else{
        $(productObj).html("Product of "+ productOfOrigin);
    }

</script> 


        
           








<div class="product-item columns large-2 in-stock" id="product-34298457522235" data-variants="s:1,,,,34298457522235,899,,0;s:73,Australia,,,34298457555003,899,,26;" data-s1="0" data-s73="26" data-sort-tag="" data-shopify-sku="554409" data-uom="per kg" data-conversion-factor="2" data-hideinstate="-">
  <script>
    var variants = addslashes("s:1,Default,Default,,34298457522235,899,,0;s:73,Australia,Default,,34298457555003,899,,26;"); 
	var partsOfStr = variants.split(';');
  </script>
  
  <div class="collection-image">
    <div class="additional" style="width: 100%; height: auto; position: absolute; left: 0px; top: 0px; background: rgba(183, 183, 183, 0.37); color: white; padding: 4px; display: none">
      <span class="sale" style="font-size: 14px; color: black;"></span></div>
    <a href="/collections/beef/products/tara-valley-grass-fed-beef-mince-554409">
      <img class="lazyOwl" data-src="//cdn.shopify.com/s/files/1/0206/9470/products/554409-done_57c4b318-3eb5-464e-90c7-49555d76e437_large.jpg?v=1615779458" src="//cdn.shopify.com/s/files/1/0206/9470/products/554409-done_57c4b318-3eb5-464e-90c7-49555d76e437_medium.jpg?v=1615779458" alt="Tara Valley Grass Fed 5 Star Beef Mince | Harris Farm Online" style="height: 100%; width: 100%">
    </a>
  </div>   
  <!-- .coll-image-wrap -->

  <div class="caption">
    
    <div class="box-title">
      
      <p class="title" style="height: 45px; font-size: 12px;">
        <a href="/collections/beef/products/tara-valley-grass-fed-beef-mince-554409">
          Tara Valley Grass Fed 5 Star Beef Mince 500g 
        </a>
      </p>
      
      <script>
    var productOfOrigin;
</script>

    
    

    <!-- product of origin first part of the rule -->
    

    
    

    <!-- product of origin first part of the rule -->
    

    
    

    <!-- product of origin first part of the rule -->
    

    
    

    <!-- product of origin first part of the rule -->
    

    
    

    <!-- product of origin first part of the rule -->
    

    
    

    <!-- product of origin first part of the rule -->
    




      <div class="salecontainer">
        <span class="sale">			

          <span class="unit_price"><strong><span class="from_price">$8.99</span> <small>ea</small></strong></span><br>
    		  <span class="compare_at_price unit_price"><small>$17.98 per kg</small></span> 
        </span>
      </div>

    </div>


  </div><!-- .coll-prod-caption -->

  
<div class="ajax-add-to-cart-quick custom-form" style="position:absolute; left:0; right:0; bottom:-10px; justify-content:center;">  
  <select name="quantity" class="addToCartSelect">    
    
    	<option value="1">1</option>
    
    	<option value="2">2</option>
    
    	<option value="3">3</option>
    
    	<option value="4">4</option>
    
    	<option value="5">5</option>
    
    	<option value="6">6</option>
    
    	<option value="7">7</option>
    
    	<option value="8">8</option>
    
    	<option value="9">9</option>
    
    	<option value="10">10</option>
    
    	<option value="11">11</option>
    
    	<option value="12">12</option>
    
    	<option value="13">13</option>
    
    	<option value="14">14</option>
    
    	<option value="15">15</option>
    
    	<option value="16">16</option>
    
    	<option value="17">17</option>
    
    	<option value="18">18</option>
    
    	<option value="19">19</option>
    
    	<option value="20">20</option>
    
  </select>&nbsp; 
  <button class="btn addToCartButton" type="button" name="add" data-id="34298457555003" data-weather="" data-wholesale="" data-cap="" data-slider="" data-seafood="" data-juice="" data-mealkit="" data-loosesalad="" data-instorebakery="" data-shortdate="" data-hideinstate="-" style="white-space: nowrap; padding: 10px; height: 35px; width: 75px; letter-spacing: 0;">ADD</button>
</div>

<div class="ajax-update-cart custom-form" style="position:absolute; left:0; right:0; bottom:-10px; justify-content:center; display:none;">
  <a href="javascript:;" class="minusitem"><img src="//cdn.shopify.com/s/files/1/0206/9470/t/232/assets/MinusIcon.jpg?v=8086515874301911391" style="width: 30px; height: 35px;"></a>
  <input type="text" pattern="[0-9.]+" class="ajaxquantity addToCartInput" name="quantity" value="" readonly="" style="display:inline-block">
  <div class="lds-ring"><div></div><div></div><div></div><div></div></div>
  <a href="javascript:;" class="plusitem"><img src="//cdn.shopify.com/s/files/1/0206/9470/t/232/assets/PlusIcon.jpg?v=15674260478820120933" style="width: 30px; height: 35px;"></a>&nbsp; 
  <button class="btn addToCartButton" type="button" name="add" data-id="34298457555003" data-weather="" data-wholesale="" data-cap="" data-slider="" data-seafood="" data-juice="" data-mealkit="" data-loosesalad="" data-instorebakery="" data-shortdate="" data-hideinstate="-" style="background: #84D1E8; white-space: nowrap; padding: 10px; height: 35px; letter-spacing: 0;" onclick="window.location='/cart'">IN CART</button>
</div>


</div>

<script>        
  var pickingStore = (!$.cookie("picking_store")) ? 73 : $.cookie("picking_store"); 
  var pickingStoreVariant = "s:"+pickingStore;
  
  for (var i = 0; i < partsOfStr.length; i++){
    var variantArray = partsOfStr[i].split(',');
    var showProduct = false;    
    
    if (variantArray[0].trim() == pickingStoreVariant.trim()){
      showProduct = true;
      productOfOrigin = variantArray[1];
      var special =  variantArray[2]; 
      var additional = variantArray[3];       
      var variantId = variantArray[4];
      var price =  variantArray[5];
      var compareAtPrice = variantArray[6];
      var conversionFactor = $("#product-34298457522235").data("conversion-factor");                               
      var uom = $("#product-34298457522235").data("uom");
      var hideInState = $("#product-34298457522235").data("hideinstate");      
      
      if(additional){                
        $("#product-34298457522235 .additional .sale").html(additional.toUpperCase());
        $("#product-34298457522235 .additional").show();
      }
      
      $("#product-34298457522235 .btn").attr('data-id',variantId);      
      $("#product-34298457522235 .btn").attr('data-cap',compareAtPrice);          
      $("#product-34298457522235 .caption .salecontainer .sale .from_price").html('$' + (variantArray[5]/100).toFixed(2));         
        
      if(special != "Default"){          
        $("#product-34298457522235 .caption .unit_price .from_price").addClass("is-special");            
      }
            
      if (!compareAtPrice){
        if (uom != "" && uom ){ 
          $("#product-34298457522235 .caption .salecontainer .sale .compare_at_price").html('<small>$'+((price*conversionFactor)/100).toFixed(2)+" "+uom+'</small>');
        } 
      }
      else{
        $("#product-34298457522235 .caption .salecontainer .sale .compare_at_price").html('<small>$' + (variantArray[6]/100).toFixed(2) + ' per kg</small>');              
      }
        
      if((parseInt(variantArray[7])<=0) || (hideInState.indexOf(currState) != -1)){
        $("#product-34298457522235 .ajax-add-to-cart-quick").html("<p class='error'>Out of Stock</p>");          
        $("#product-34298457522235 a").css({"pointer-events":"none"});          
        $("#product-34298457522235").remove();
        console.log(variantId + " removed.");            
      }
      else{
        $("#product-34298457522235").addClass("in-stock");
        
        var items = $("#headercartvals").attr("data-items").split(";");

        $.each(items, function(index, item) {
          if (item){ 
            var itemId = item.split("-")[0];
            var itemQty = item.split("-")[1];

            if(variantArray[4] === itemId){
              $("#product-34298457522235").find(".ajax-add-to-cart-quick").hide();
              $("#product-34298457522235").find(".ajax-update-cart .addToCartInput").val(itemQty);
              $("#product-34298457522235").find(".ajax-update-cart").show();
              return;                       
            } 
          }
        });                              
      }      
    }
  }                         
  $(".product-item").not(".in-stock").hide();              
</script>

<script>

    var productId =  null;
    var productObj = null;
    
        productId = "#product-34298457522235";
        productObj = $(productId).find('.product-of-origin');
    

    // product of origin second part of the rule
    if(productOfOrigin == "Default"){
        $(productObj).html("Product of Australia");
    } else if (productOfOrigin == "Packaged in") {
        $(productObj).html("Packed in Australia from Imported Ingredients");
    } else if (productOfOrigin == "Packaged in local") {
        $(productObj).html("Packed in Australia from Imported and Local Ingredients");
    } else if (productOfOrigin == "Made In") {
        $(productObj).html("Made in Australia from Imported Ingredients");
    } else if (productOfOrigin == "Made in local") {
        $(productObj).html("Made in Australia from Imported and Local Ingredients"); 
    } else{
        $(productObj).html("Product of "+ productOfOrigin);
    }

</script> 


        
           








<div class="product-item columns large-2 in-stock" id="product-2182872170505" data-variants="s:1,Australia,,,2182872170505,840,2099,0;s:73,Australia,,,2182872203273,840,2099,5;" data-s1="0" data-s73="5" data-sort-tag="" data-shopify-sku="554397" data-uom="per kg" data-conversion-factor="2.5" data-hideinstate="-">
  <script>
    var variants = addslashes("s:1,Australia,Default,,2182872170505,840,2099,0;s:73,Australia,Default,,2182872203273,840,2099,5;"); 
	var partsOfStr = variants.split(';');
  </script>
  
  <div class="collection-image">
    <div class="additional" style="width: 100%; height: auto; position: absolute; left: 0px; top: 0px; background: rgba(183, 183, 183, 0.37); color: white; padding: 4px; display: none">
      <span class="sale" style="font-size: 14px; color: black;"></span></div>
    <a href="/collections/beef/products/grass-fed-tara-valley-beef-bolar-blade-steak-554397">
      <img class="lazyOwl" data-src="//cdn.shopify.com/s/files/1/0206/9470/products/554397-done_large.jpg?v=1608343209" src="//cdn.shopify.com/s/files/1/0206/9470/products/554397-done_medium.jpg?v=1608343209" alt="Grass Fed Tara Valley Beef Bolar Blade Steak | Harris Farm Online" style="height: 100%; width: 100%">
    </a>
  </div>   
  <!-- .coll-image-wrap -->

  <div class="caption">
    
    <div class="box-title">
      
      <p class="title" style="height: 45px; font-size: 12px;">
        <a href="/collections/beef/products/grass-fed-tara-valley-beef-bolar-blade-steak-554397">
          Tara Valley Grass Fed Beef Bolar Blade Steak 300-400g 
        </a>
      </p>
      
      <script>
    var productOfOrigin;
</script>

    
    

    <!-- product of origin first part of the rule -->
    

    
    

    <!-- product of origin first part of the rule -->
    

    
    

    <!-- product of origin first part of the rule -->
    

    
    

    <!-- product of origin first part of the rule -->
    

    
    

    <!-- product of origin first part of the rule -->
    

    
    

    <!-- product of origin first part of the rule -->
    




      <div class="salecontainer">
        <span class="sale">			

          <span class="unit_price"><strong><span class="from_price">$8.40</span> <small>ea</small></strong></span><br>
    		  <span class="compare_at_price unit_price"><small>$20.99 per kg</small></span> 
        </span>
      </div>

    </div>


  </div><!-- .coll-prod-caption -->

  
<div class="ajax-add-to-cart-quick custom-form" style="position:absolute; left:0; right:0; bottom:-10px; justify-content:center;">  
  <select name="quantity" class="addToCartSelect">    
    
    	<option value="1">1</option>
    
    	<option value="2">2</option>
    
    	<option value="3">3</option>
    
    	<option value="4">4</option>
    
    	<option value="5">5</option>
    
    	<option value="6">6</option>
    
    	<option value="7">7</option>
    
    	<option value="8">8</option>
    
    	<option value="9">9</option>
    
    	<option value="10">10</option>
    
    	<option value="11">11</option>
    
    	<option value="12">12</option>
    
    	<option value="13">13</option>
    
    	<option value="14">14</option>
    
    	<option value="15">15</option>
    
    	<option value="16">16</option>
    
    	<option value="17">17</option>
    
    	<option value="18">18</option>
    
    	<option value="19">19</option>
    
    	<option value="20">20</option>
    
  </select>&nbsp; 
  <button class="btn addToCartButton" type="button" name="add" data-id="2182872203273" data-weather="" data-wholesale="" data-cap="2099" data-slider="" data-seafood="" data-juice="" data-mealkit="" data-loosesalad="" data-instorebakery="" data-shortdate="" data-hideinstate="-" style="white-space: nowrap; padding: 10px; height: 35px; width: 75px; letter-spacing: 0;">ADD</button>
</div>

<div class="ajax-update-cart custom-form" style="position:absolute; left:0; right:0; bottom:-10px; justify-content:center; display:none;">
  <a href="javascript:;" class="minusitem"><img src="//cdn.shopify.com/s/files/1/0206/9470/t/232/assets/MinusIcon.jpg?v=8086515874301911391" style="width: 30px; height: 35px;"></a>
  <input type="text" pattern="[0-9.]+" class="ajaxquantity addToCartInput" name="quantity" value="" readonly="" style="display:inline-block">
  <div class="lds-ring"><div></div><div></div><div></div><div></div></div>
  <a href="javascript:;" class="plusitem"><img src="//cdn.shopify.com/s/files/1/0206/9470/t/232/assets/PlusIcon.jpg?v=15674260478820120933" style="width: 30px; height: 35px;"></a>&nbsp; 
  <button class="btn addToCartButton" type="button" name="add" data-id="2182872203273" data-weather="" data-wholesale="" data-cap="2099" data-slider="" data-seafood="" data-juice="" data-mealkit="" data-loosesalad="" data-instorebakery="" data-shortdate="" data-hideinstate="-" style="background: #84D1E8; white-space: nowrap; padding: 10px; height: 35px; letter-spacing: 0;" onclick="window.location='/cart'">IN CART</button>
</div>


</div>

<script>        
  var pickingStore = (!$.cookie("picking_store")) ? 73 : $.cookie("picking_store"); 
  var pickingStoreVariant = "s:"+pickingStore;
  
  for (var i = 0; i < partsOfStr.length; i++){
    var variantArray = partsOfStr[i].split(',');
    var showProduct = false;    
    
    if (variantArray[0].trim() == pickingStoreVariant.trim()){
      showProduct = true;
      productOfOrigin = variantArray[1];
      var special =  variantArray[2]; 
      var additional = variantArray[3];       
      var variantId = variantArray[4];
      var price =  variantArray[5];
      var compareAtPrice = variantArray[6];
      var conversionFactor = $("#product-2182872170505").data("conversion-factor");                               
      var uom = $("#product-2182872170505").data("uom");
      var hideInState = $("#product-2182872170505").data("hideinstate");      
      
      if(additional){                
        $("#product-2182872170505 .additional .sale").html(additional.toUpperCase());
        $("#product-2182872170505 .additional").show();
      }
      
      $("#product-2182872170505 .btn").attr('data-id',variantId);      
      $("#product-2182872170505 .btn").attr('data-cap',compareAtPrice);          
      $("#product-2182872170505 .caption .salecontainer .sale .from_price").html('$' + (variantArray[5]/100).toFixed(2));         
        
      if(special != "Default"){          
        $("#product-2182872170505 .caption .unit_price .from_price").addClass("is-special");            
      }
            
      if (!compareAtPrice){
        if (uom != "" && uom ){ 
          $("#product-2182872170505 .caption .salecontainer .sale .compare_at_price").html('<small>$'+((price*conversionFactor)/100).toFixed(2)+" "+uom+'</small>');
        } 
      }
      else{
        $("#product-2182872170505 .caption .salecontainer .sale .compare_at_price").html('<small>$' + (variantArray[6]/100).toFixed(2) + ' per kg</small>');              
      }
        
      if((parseInt(variantArray[7])<=0) || (hideInState.indexOf(currState) != -1)){
        $("#product-2182872170505 .ajax-add-to-cart-quick").html("<p class='error'>Out of Stock</p>");          
        $("#product-2182872170505 a").css({"pointer-events":"none"});          
        $("#product-2182872170505").remove();
        console.log(variantId + " removed.");            
      }
      else{
        $("#product-2182872170505").addClass("in-stock");
        
        var items = $("#headercartvals").attr("data-items").split(";");

        $.each(items, function(index, item) {
          if (item){ 
            var itemId = item.split("-")[0];
            var itemQty = item.split("-")[1];

            if(variantArray[4] === itemId){
              $("#product-2182872170505").find(".ajax-add-to-cart-quick").hide();
              $("#product-2182872170505").find(".ajax-update-cart .addToCartInput").val(itemQty);
              $("#product-2182872170505").find(".ajax-update-cart").show();
              return;                       
            } 
          }
        });                              
      }      
    }
  }                         
  $(".product-item").not(".in-stock").hide();              
</script>

<script>

    var productId =  null;
    var productObj = null;
    
        productId = "#product-2182872170505";
        productObj = $(productId).find('.product-of-origin');
    

    // product of origin second part of the rule
    if(productOfOrigin == "Default"){
        $(productObj).html("Product of Australia");
    } else if (productOfOrigin == "Packaged in") {
        $(productObj).html("Packed in Australia from Imported Ingredients");
    } else if (productOfOrigin == "Packaged in local") {
        $(productObj).html("Packed in Australia from Imported and Local Ingredients");
    } else if (productOfOrigin == "Made In") {
        $(productObj).html("Made in Australia from Imported Ingredients");
    } else if (productOfOrigin == "Made in local") {
        $(productObj).html("Made in Australia from Imported and Local Ingredients"); 
    } else{
        $(productObj).html("Product of "+ productOfOrigin);
    }

</script> 


        
           








<div class="product-item columns large-2 in-stock" id="product-3810349061" data-variants="s:1,,,,3810349061,1150,2299,0;s:73,Australia,,,2165809971209,1150,2299,15;" data-s1="0" data-s73="15" data-sort-tag="" data-shopify-sku="554389" data-uom="per kg" data-conversion-factor="2" data-hideinstate="-">
  <script>
    var variants = addslashes("s:1,Default,Default,,3810349061,1150,2299,0;s:73,Australia,Default,,2165809971209,1150,2299,15;"); 
	var partsOfStr = variants.split(';');
  </script>
  
  <div class="collection-image">
    <div class="additional" style="width: 100%; height: auto; position: absolute; left: 0px; top: 0px; background: rgba(183, 183, 183, 0.37); color: white; padding: 4px; display: none">
      <span class="sale" style="font-size: 14px; color: black;"></span></div>
    <a href="/collections/beef/products/tara-valley-grass-fed-beef-diced-554389">
      <img class="lazyOwl" data-src="//cdn.shopify.com/s/files/1/0206/9470/products/554389-done_large.jpg?v=1615781033" src="//cdn.shopify.com/s/files/1/0206/9470/products/554389-done_medium.jpg?v=1615781033" alt="Tara Valley Grass Fed Beef Diced | Harris Farm Online" style="height: 100%; width: 100%">
    </a>
  </div>   
  <!-- .coll-image-wrap -->

  <div class="caption">
    
    <div class="box-title">
      
      <p class="title" style="height: 45px; font-size: 12px;">
        <a href="/collections/beef/products/tara-valley-grass-fed-beef-diced-554389">
          Tara Valley Grass Fed Beef Diced 400-500g 
        </a>
      </p>
      
      <script>
    var productOfOrigin;
</script>

    
    

    <!-- product of origin first part of the rule -->
    

    
    

    <!-- product of origin first part of the rule -->
    

    
    

    <!-- product of origin first part of the rule -->
    

    
    

    <!-- product of origin first part of the rule -->
    

    
    

    <!-- product of origin first part of the rule -->
    

    
    

    <!-- product of origin first part of the rule -->
    




      <div class="salecontainer">
        <span class="sale">			

          <span class="unit_price"><strong><span class="from_price">$11.50</span> <small>ea</small></strong></span><br>
    		  <span class="compare_at_price unit_price"><small>$22.99 per kg</small></span> 
        </span>
      </div>

    </div>


  </div><!-- .coll-prod-caption -->

  
<div class="ajax-add-to-cart-quick custom-form" style="position:absolute; left:0; right:0; bottom:-10px; justify-content:center;">  
  <select name="quantity" class="addToCartSelect">    
    
    	<option value="1">1</option>
    
    	<option value="2">2</option>
    
    	<option value="3">3</option>
    
    	<option value="4">4</option>
    
    	<option value="5">5</option>
    
    	<option value="6">6</option>
    
    	<option value="7">7</option>
    
    	<option value="8">8</option>
    
    	<option value="9">9</option>
    
    	<option value="10">10</option>
    
    	<option value="11">11</option>
    
    	<option value="12">12</option>
    
    	<option value="13">13</option>
    
    	<option value="14">14</option>
    
    	<option value="15">15</option>
    
    	<option value="16">16</option>
    
    	<option value="17">17</option>
    
    	<option value="18">18</option>
    
    	<option value="19">19</option>
    
    	<option value="20">20</option>
    
  </select>&nbsp; 
  <button class="btn addToCartButton" type="button" name="add" data-id="2165809971209" data-weather="" data-wholesale="" data-cap="2299" data-slider="" data-seafood="" data-juice="" data-mealkit="" data-loosesalad="" data-instorebakery="" data-shortdate="" data-hideinstate="-" style="white-space: nowrap; padding: 10px; height: 35px; width: 75px; letter-spacing: 0;">ADD</button>
</div>

<div class="ajax-update-cart custom-form" style="position:absolute; left:0; right:0; bottom:-10px; justify-content:center; display:none;">
  <a href="javascript:;" class="minusitem"><img src="//cdn.shopify.com/s/files/1/0206/9470/t/232/assets/MinusIcon.jpg?v=8086515874301911391" style="width: 30px; height: 35px;"></a>
  <input type="text" pattern="[0-9.]+" class="ajaxquantity addToCartInput" name="quantity" value="" readonly="" style="display:inline-block">
  <div class="lds-ring"><div></div><div></div><div></div><div></div></div>
  <a href="javascript:;" class="plusitem"><img src="//cdn.shopify.com/s/files/1/0206/9470/t/232/assets/PlusIcon.jpg?v=15674260478820120933" style="width: 30px; height: 35px;"></a>&nbsp; 
  <button class="btn addToCartButton" type="button" name="add" data-id="2165809971209" data-weather="" data-wholesale="" data-cap="2299" data-slider="" data-seafood="" data-juice="" data-mealkit="" data-loosesalad="" data-instorebakery="" data-shortdate="" data-hideinstate="-" style="background: #84D1E8; white-space: nowrap; padding: 10px; height: 35px; letter-spacing: 0;" onclick="window.location='/cart'">IN CART</button>
</div>


</div>

<script>        
  var pickingStore = (!$.cookie("picking_store")) ? 73 : $.cookie("picking_store"); 
  var pickingStoreVariant = "s:"+pickingStore;
  
  for (var i = 0; i < partsOfStr.length; i++){
    var variantArray = partsOfStr[i].split(',');
    var showProduct = false;    
    
    if (variantArray[0].trim() == pickingStoreVariant.trim()){
      showProduct = true;
      productOfOrigin = variantArray[1];
      var special =  variantArray[2]; 
      var additional = variantArray[3];       
      var variantId = variantArray[4];
      var price =  variantArray[5];
      var compareAtPrice = variantArray[6];
      var conversionFactor = $("#product-3810349061").data("conversion-factor");                               
      var uom = $("#product-3810349061").data("uom");
      var hideInState = $("#product-3810349061").data("hideinstate");      
      
      if(additional){                
        $("#product-3810349061 .additional .sale").html(additional.toUpperCase());
        $("#product-3810349061 .additional").show();
      }
      
      $("#product-3810349061 .btn").attr('data-id',variantId);      
      $("#product-3810349061 .btn").attr('data-cap',compareAtPrice);          
      $("#product-3810349061 .caption .salecontainer .sale .from_price").html('$' + (variantArray[5]/100).toFixed(2));         
        
      if(special != "Default"){          
        $("#product-3810349061 .caption .unit_price .from_price").addClass("is-special");            
      }
            
      if (!compareAtPrice){
        if (uom != "" && uom ){ 
          $("#product-3810349061 .caption .salecontainer .sale .compare_at_price").html('<small>$'+((price*conversionFactor)/100).toFixed(2)+" "+uom+'</small>');
        } 
      }
      else{
        $("#product-3810349061 .caption .salecontainer .sale .compare_at_price").html('<small>$' + (variantArray[6]/100).toFixed(2) + ' per kg</small>');              
      }
        
      if((parseInt(variantArray[7])<=0) || (hideInState.indexOf(currState) != -1)){
        $("#product-3810349061 .ajax-add-to-cart-quick").html("<p class='error'>Out of Stock</p>");          
        $("#product-3810349061 a").css({"pointer-events":"none"});          
        $("#product-3810349061").remove();
        console.log(variantId + " removed.");            
      }
      else{
        $("#product-3810349061").addClass("in-stock");
        
        var items = $("#headercartvals").attr("data-items").split(";");

        $.each(items, function(index, item) {
          if (item){ 
            var itemId = item.split("-")[0];
            var itemQty = item.split("-")[1];

            if(variantArray[4] === itemId){
              $("#product-3810349061").find(".ajax-add-to-cart-quick").hide();
              $("#product-3810349061").find(".ajax-update-cart .addToCartInput").val(itemQty);
              $("#product-3810349061").find(".ajax-update-cart").show();
              return;                       
            } 
          }
        });                              
      }      
    }
  }                         
  $(".product-item").not(".in-stock").hide();              
</script>

<script>

    var productId =  null;
    var productObj = null;
    
        productId = "#product-3810349061";
        productObj = $(productId).find('.product-of-origin');
    

    // product of origin second part of the rule
    if(productOfOrigin == "Default"){
        $(productObj).html("Product of Australia");
    } else if (productOfOrigin == "Packaged in") {
        $(productObj).html("Packed in Australia from Imported Ingredients");
    } else if (productOfOrigin == "Packaged in local") {
        $(productObj).html("Packed in Australia from Imported and Local Ingredients");
    } else if (productOfOrigin == "Made In") {
        $(productObj).html("Made in Australia from Imported Ingredients");
    } else if (productOfOrigin == "Made in local") {
        $(productObj).html("Made in Australia from Imported and Local Ingredients"); 
    } else{
        $(productObj).html("Product of "+ productOfOrigin);
    }

</script> 


        
           








<div class="product-item columns large-2 in-stock" id="product-2384391438345" data-variants="s:1,Australia,,,2384391438345,1039,1999,0;s:73,Australia,,,2384391503881,1039,1999,9;" data-s1="0" data-s73="9" data-sort-tag="" data-shopify-sku="554401" data-uom="per kg" data-conversion-factor="1.92307692307692308" data-hideinstate="-">
  <script>
    var variants = addslashes("s:1,Australia,Default,,2384391438345,1039,1999,0;s:73,Australia,Default,,2384391503881,1039,1999,9;"); 
	var partsOfStr = variants.split(';');
  </script>
  
  <div class="collection-image">
    <div class="additional" style="width: 100%; height: auto; position: absolute; left: 0px; top: 0px; background: rgba(183, 183, 183, 0.37); color: white; padding: 4px; display: none">
      <span class="sale" style="font-size: 14px; color: black;"></span></div>
    <a href="/collections/beef/products/tara-valley-grass-fed-beef-gravy-554401">
      <img class="lazyOwl" data-src="//cdn.shopify.com/s/files/1/0206/9470/products/554401-done_large.jpg?v=1615780048" src="//cdn.shopify.com/s/files/1/0206/9470/products/554401-done_medium.jpg?v=1615780048" alt="Tara Valley Grass Fed Beef Gravy | Harris Farm Online" style="height: 100%; width: 100%">
    </a>
  </div>   
  <!-- .coll-image-wrap -->

  <div class="caption">
    
    <div class="box-title">
      
      <p class="title" style="height: 45px; font-size: 12px;">
        <a href="/collections/beef/products/tara-valley-grass-fed-beef-gravy-554401">
          Tara Valley Grass Fed Beef Gravy 300-520g 
        </a>
      </p>
      
      <script>
    var productOfOrigin;
</script>

    
    

    <!-- product of origin first part of the rule -->
    

    
    

    <!-- product of origin first part of the rule -->
    

    
    

    <!-- product of origin first part of the rule -->
    

    
    

    <!-- product of origin first part of the rule -->
    

    
    

    <!-- product of origin first part of the rule -->
    

    
    

    <!-- product of origin first part of the rule -->
    

    
    

    <!-- product of origin first part of the rule -->
    

    
    

    <!-- product of origin first part of the rule -->
    




      <div class="salecontainer">
        <span class="sale">			

          <span class="unit_price"><strong><span class="from_price">$10.39</span> <small>ea</small></strong></span><br>
    		  <span class="compare_at_price unit_price"><small>$19.99 per kg</small></span> 
        </span>
      </div>

    </div>


  </div><!-- .coll-prod-caption -->

  
<div class="ajax-add-to-cart-quick custom-form" style="position:absolute; left:0; right:0; bottom:-10px; justify-content:center;">  
  <select name="quantity" class="addToCartSelect">    
    
    	<option value="1">1</option>
    
    	<option value="2">2</option>
    
    	<option value="3">3</option>
    
    	<option value="4">4</option>
    
    	<option value="5">5</option>
    
    	<option value="6">6</option>
    
    	<option value="7">7</option>
    
    	<option value="8">8</option>
    
    	<option value="9">9</option>
    
    	<option value="10">10</option>
    
    	<option value="11">11</option>
    
    	<option value="12">12</option>
    
    	<option value="13">13</option>
    
    	<option value="14">14</option>
    
    	<option value="15">15</option>
    
    	<option value="16">16</option>
    
    	<option value="17">17</option>
    
    	<option value="18">18</option>
    
    	<option value="19">19</option>
    
    	<option value="20">20</option>
    
  </select>&nbsp; 
  <button class="btn addToCartButton" type="button" name="add" data-id="2384391503881" data-weather="" data-wholesale="" data-cap="1999" data-slider="" data-seafood="" data-juice="" data-mealkit="" data-loosesalad="" data-instorebakery="" data-shortdate="" data-hideinstate="-" style="white-space: nowrap; padding: 10px; height: 35px; width: 75px; letter-spacing: 0;">ADD</button>
</div>

<div class="ajax-update-cart custom-form" style="position:absolute; left:0; right:0; bottom:-10px; justify-content:center; display:none;">
  <a href="javascript:;" class="minusitem"><img src="//cdn.shopify.com/s/files/1/0206/9470/t/232/assets/MinusIcon.jpg?v=8086515874301911391" style="width: 30px; height: 35px;"></a>
  <input type="text" pattern="[0-9.]+" class="ajaxquantity addToCartInput" name="quantity" value="" readonly="" style="display:inline-block">
  <div class="lds-ring"><div></div><div></div><div></div><div></div></div>
  <a href="javascript:;" class="plusitem"><img src="//cdn.shopify.com/s/files/1/0206/9470/t/232/assets/PlusIcon.jpg?v=15674260478820120933" style="width: 30px; height: 35px;"></a>&nbsp; 
  <button class="btn addToCartButton" type="button" name="add" data-id="2384391503881" data-weather="" data-wholesale="" data-cap="1999" data-slider="" data-seafood="" data-juice="" data-mealkit="" data-loosesalad="" data-instorebakery="" data-shortdate="" data-hideinstate="-" style="background: #84D1E8; white-space: nowrap; padding: 10px; height: 35px; letter-spacing: 0;" onclick="window.location='/cart'">IN CART</button>
</div>


</div>

<script>        
  var pickingStore = (!$.cookie("picking_store")) ? 73 : $.cookie("picking_store"); 
  var pickingStoreVariant = "s:"+pickingStore;
  
  for (var i = 0; i < partsOfStr.length; i++){
    var variantArray = partsOfStr[i].split(',');
    var showProduct = false;    
    
    if (variantArray[0].trim() == pickingStoreVariant.trim()){
      showProduct = true;
      productOfOrigin = variantArray[1];
      var special =  variantArray[2]; 
      var additional = variantArray[3];       
      var variantId = variantArray[4];
      var price =  variantArray[5];
      var compareAtPrice = variantArray[6];
      var conversionFactor = $("#product-2384391438345").data("conversion-factor");                               
      var uom = $("#product-2384391438345").data("uom");
      var hideInState = $("#product-2384391438345").data("hideinstate");      
      
      if(additional){                
        $("#product-2384391438345 .additional .sale").html(additional.toUpperCase());
        $("#product-2384391438345 .additional").show();
      }
      
      $("#product-2384391438345 .btn").attr('data-id',variantId);      
      $("#product-2384391438345 .btn").attr('data-cap',compareAtPrice);          
      $("#product-2384391438345 .caption .salecontainer .sale .from_price").html('$' + (variantArray[5]/100).toFixed(2));         
        
      if(special != "Default"){          
        $("#product-2384391438345 .caption .unit_price .from_price").addClass("is-special");            
      }
            
      if (!compareAtPrice){
        if (uom != "" && uom ){ 
          $("#product-2384391438345 .caption .salecontainer .sale .compare_at_price").html('<small>$'+((price*conversionFactor)/100).toFixed(2)+" "+uom+'</small>');
        } 
      }
      else{
        $("#product-2384391438345 .caption .salecontainer .sale .compare_at_price").html('<small>$' + (variantArray[6]/100).toFixed(2) + ' per kg</small>');              
      }
        
      if((parseInt(variantArray[7])<=0) || (hideInState.indexOf(currState) != -1)){
        $("#product-2384391438345 .ajax-add-to-cart-quick").html("<p class='error'>Out of Stock</p>");          
        $("#product-2384391438345 a").css({"pointer-events":"none"});          
        $("#product-2384391438345").remove();
        console.log(variantId + " removed.");            
      }
      else{
        $("#product-2384391438345").addClass("in-stock");
        
        var items = $("#headercartvals").attr("data-items").split(";");

        $.each(items, function(index, item) {
          if (item){ 
            var itemId = item.split("-")[0];
            var itemQty = item.split("-")[1];

            if(variantArray[4] === itemId){
              $("#product-2384391438345").find(".ajax-add-to-cart-quick").hide();
              $("#product-2384391438345").find(".ajax-update-cart .addToCartInput").val(itemQty);
              $("#product-2384391438345").find(".ajax-update-cart").show();
              return;                       
            } 
          }
        });                              
      }      
    }
  }                         
  $(".product-item").not(".in-stock").hide();              
</script>

<script>

    var productId =  null;
    var productObj = null;
    
        productId = "#product-2384391438345";
        productObj = $(productId).find('.product-of-origin');
    

    // product of origin second part of the rule
    if(productOfOrigin == "Default"){
        $(productObj).html("Product of Australia");
    } else if (productOfOrigin == "Packaged in") {
        $(productObj).html("Packed in Australia from Imported Ingredients");
    } else if (productOfOrigin == "Packaged in local") {
        $(productObj).html("Packed in Australia from Imported and Local Ingredients");
    } else if (productOfOrigin == "Made In") {
        $(productObj).html("Made in Australia from Imported Ingredients");
    } else if (productOfOrigin == "Made in local") {
        $(productObj).html("Made in Australia from Imported and Local Ingredients"); 
    } else{
        $(productObj).html("Product of "+ productOfOrigin);
    }

</script> 


        
           








<div class="product-item columns large-2 in-stock" id="product-34276506107963" data-variants="s:1,,,,34276506107963,4949,4499,0;s:73,Australia,,,34276506140731,4949,4499,1;" data-s1="0" data-s73="1" data-sort-tag="" data-shopify-sku="554269" data-uom="per kg" data-conversion-factor="0.909090909090909091" data-hideinstate="-">
  <script>
    var variants = addslashes("s:1,Default,Default,,34276506107963,4949,4499,0;s:73,Australia,Default,,34276506140731,4949,4499,1;"); 
	var partsOfStr = variants.split(';');
  </script>
  
  <div class="collection-image">
    <div class="additional" style="width: 100%; height: auto; position: absolute; left: 0px; top: 0px; background: rgba(183, 183, 183, 0.37); color: white; padding: 4px; display: none">
      <span class="sale" style="font-size: 14px; color: black;"></span></div>
    <a href="/collections/beef/products/tara-valley-grass-fed-beef-rib-eye-on-the-bone-554269">
      <img class="lazyOwl" data-src="//cdn.shopify.com/s/files/1/0206/9470/products/554269-done_large.jpg?v=1615779744" src="//cdn.shopify.com/s/files/1/0206/9470/products/554269-done_medium.jpg?v=1615779744" alt="Tara Valley Grass Fed Beef Rib Eye on the Bone | Harris Farm Online" style="height: 100%; width: 100%">
    </a>
  </div>   
  <!-- .coll-image-wrap -->

  <div class="caption">
    
    <div class="box-title">
      
      <p class="title" style="height: 45px; font-size: 12px;">
        <a href="/collections/beef/products/tara-valley-grass-fed-beef-rib-eye-on-the-bone-554269">
          Tara Valley Grass Fed Beef Rib Eye on the Bone 700g-1.1kg 
        </a>
      </p>
      
      <script>
    var productOfOrigin;
</script>

    
    

    <!-- product of origin first part of the rule -->
    

    
    

    <!-- product of origin first part of the rule -->
    

    
    

    <!-- product of origin first part of the rule -->
    

    
    

    <!-- product of origin first part of the rule -->
    

    
    

    <!-- product of origin first part of the rule -->
    

    
    

    <!-- product of origin first part of the rule -->
    

    
    

    <!-- product of origin first part of the rule -->
    




      <div class="salecontainer">
        <span class="sale">			

          <span class="unit_price"><strong><span class="from_price">$49.49</span> <small>ea</small></strong></span><br>
    		  <span class="compare_at_price unit_price"><small>$44.99 per kg</small></span> 
        </span>
      </div>

    </div>


  </div><!-- .coll-prod-caption -->

  
<div class="ajax-add-to-cart-quick custom-form" style="position:absolute; left:0; right:0; bottom:-10px; justify-content:center;">  
  <select name="quantity" class="addToCartSelect">    
    
    	<option value="1">1</option>
    
    	<option value="2">2</option>
    
    	<option value="3">3</option>
    
    	<option value="4">4</option>
    
    	<option value="5">5</option>
    
    	<option value="6">6</option>
    
    	<option value="7">7</option>
    
    	<option value="8">8</option>
    
    	<option value="9">9</option>
    
    	<option value="10">10</option>
    
    	<option value="11">11</option>
    
    	<option value="12">12</option>
    
    	<option value="13">13</option>
    
    	<option value="14">14</option>
    
    	<option value="15">15</option>
    
    	<option value="16">16</option>
    
    	<option value="17">17</option>
    
    	<option value="18">18</option>
    
    	<option value="19">19</option>
    
    	<option value="20">20</option>
    
  </select>&nbsp; 
  <button class="btn addToCartButton" type="button" name="add" data-id="34276506140731" data-weather="" data-wholesale="" data-cap="4499" data-slider="" data-seafood="" data-juice="" data-mealkit="" data-loosesalad="" data-instorebakery="" data-shortdate="" data-hideinstate="-" style="white-space: nowrap; padding: 10px; height: 35px; width: 75px; letter-spacing: 0;">ADD</button>
</div>

<div class="ajax-update-cart custom-form" style="position:absolute; left:0; right:0; bottom:-10px; justify-content:center; display:none;">
  <a href="javascript:;" class="minusitem"><img src="//cdn.shopify.com/s/files/1/0206/9470/t/232/assets/MinusIcon.jpg?v=8086515874301911391" style="width: 30px; height: 35px;"></a>
  <input type="text" pattern="[0-9.]+" class="ajaxquantity addToCartInput" name="quantity" value="" readonly="" style="display:inline-block">
  <div class="lds-ring"><div></div><div></div><div></div><div></div></div>
  <a href="javascript:;" class="plusitem"><img src="//cdn.shopify.com/s/files/1/0206/9470/t/232/assets/PlusIcon.jpg?v=15674260478820120933" style="width: 30px; height: 35px;"></a>&nbsp; 
  <button class="btn addToCartButton" type="button" name="add" data-id="34276506140731" data-weather="" data-wholesale="" data-cap="4499" data-slider="" data-seafood="" data-juice="" data-mealkit="" data-loosesalad="" data-instorebakery="" data-shortdate="" data-hideinstate="-" style="background: #84D1E8; white-space: nowrap; padding: 10px; height: 35px; letter-spacing: 0;" onclick="window.location='/cart'">IN CART</button>
</div>


</div>

<script>        
  var pickingStore = (!$.cookie("picking_store")) ? 73 : $.cookie("picking_store"); 
  var pickingStoreVariant = "s:"+pickingStore;
  
  for (var i = 0; i < partsOfStr.length; i++){
    var variantArray = partsOfStr[i].split(',');
    var showProduct = false;    
    
    if (variantArray[0].trim() == pickingStoreVariant.trim()){
      showProduct = true;
      productOfOrigin = variantArray[1];
      var special =  variantArray[2]; 
      var additional = variantArray[3];       
      var variantId = variantArray[4];
      var price =  variantArray[5];
      var compareAtPrice = variantArray[6];
      var conversionFactor = $("#product-34276506107963").data("conversion-factor");                               
      var uom = $("#product-34276506107963").data("uom");
      var hideInState = $("#product-34276506107963").data("hideinstate");      
      
      if(additional){                
        $("#product-34276506107963 .additional .sale").html(additional.toUpperCase());
        $("#product-34276506107963 .additional").show();
      }
      
      $("#product-34276506107963 .btn").attr('data-id',variantId);      
      $("#product-34276506107963 .btn").attr('data-cap',compareAtPrice);          
      $("#product-34276506107963 .caption .salecontainer .sale .from_price").html('$' + (variantArray[5]/100).toFixed(2));         
        
      if(special != "Default"){          
        $("#product-34276506107963 .caption .unit_price .from_price").addClass("is-special");            
      }
            
      if (!compareAtPrice){
        if (uom != "" && uom ){ 
          $("#product-34276506107963 .caption .salecontainer .sale .compare_at_price").html('<small>$'+((price*conversionFactor)/100).toFixed(2)+" "+uom+'</small>');
        } 
      }
      else{
        $("#product-34276506107963 .caption .salecontainer .sale .compare_at_price").html('<small>$' + (variantArray[6]/100).toFixed(2) + ' per kg</small>');              
      }
        
      if((parseInt(variantArray[7])<=0) || (hideInState.indexOf(currState) != -1)){
        $("#product-34276506107963 .ajax-add-to-cart-quick").html("<p class='error'>Out of Stock</p>");          
        $("#product-34276506107963 a").css({"pointer-events":"none"});          
        $("#product-34276506107963").remove();
        console.log(variantId + " removed.");            
      }
      else{
        $("#product-34276506107963").addClass("in-stock");
        
        var items = $("#headercartvals").attr("data-items").split(";");

        $.each(items, function(index, item) {
          if (item){ 
            var itemId = item.split("-")[0];
            var itemQty = item.split("-")[1];

            if(variantArray[4] === itemId){
              $("#product-34276506107963").find(".ajax-add-to-cart-quick").hide();
              $("#product-34276506107963").find(".ajax-update-cart .addToCartInput").val(itemQty);
              $("#product-34276506107963").find(".ajax-update-cart").show();
              return;                       
            } 
          }
        });                              
      }      
    }
  }                         
  $(".product-item").not(".in-stock").hide();              
</script>

<script>

    var productId =  null;
    var productObj = null;
    
        productId = "#product-34276506107963";
        productObj = $(productId).find('.product-of-origin');
    

    // product of origin second part of the rule
    if(productOfOrigin == "Default"){
        $(productObj).html("Product of Australia");
    } else if (productOfOrigin == "Packaged in") {
        $(productObj).html("Packed in Australia from Imported Ingredients");
    } else if (productOfOrigin == "Packaged in local") {
        $(productObj).html("Packed in Australia from Imported and Local Ingredients");
    } else if (productOfOrigin == "Made In") {
        $(productObj).html("Made in Australia from Imported Ingredients");
    } else if (productOfOrigin == "Made in local") {
        $(productObj).html("Made in Australia from Imported and Local Ingredients"); 
    } else{
        $(productObj).html("Product of "+ productOfOrigin);
    }

</script> 


        
           








<div class="product-item columns large-2 in-stock" id="product-3820286213" data-variants="s:1,Australia,,,3820286213,2309,3299,0;s:73,Australia,,,2165828780041,2309,3299,60;" data-s1="0" data-s73="60" data-sort-tag="" data-shopify-sku="554387" data-uom="per kg" data-conversion-factor="1.42857142857142857" data-hideinstate="-">
  <script>
    var variants = addslashes("s:1,Australia,Default,,3820286213,2309,3299,0;s:73,Australia,Default,,2165828780041,2309,3299,60;"); 
	var partsOfStr = variants.split(';');
  </script>
  
  <div class="collection-image">
    <div class="additional" style="width: 100%; height: auto; position: absolute; left: 0px; top: 0px; background: rgba(183, 183, 183, 0.37); color: white; padding: 4px; display: none">
      <span class="sale" style="font-size: 14px; color: black;"></span></div>
    <a href="/collections/beef/products/tara-valley-grass-fed-beef-rump-steak-554387">
      <img class="lazyOwl" data-src="//cdn.shopify.com/s/files/1/0206/9470/products/554387-done_large.jpg?v=1615780924" src="//cdn.shopify.com/s/files/1/0206/9470/products/554387-done_medium.jpg?v=1615780924" alt="Tara Valley Grass Fed Beef Rump Steaks | Harris Farm Online" style="height: 100%; width: 100%">
    </a>
  </div>   
  <!-- .coll-image-wrap -->

  <div class="caption">
    
    <div class="box-title">
      
      <p class="title" style="height: 45px; font-size: 12px;">
        <a href="/collections/beef/products/tara-valley-grass-fed-beef-rump-steak-554387">
          Tara Valley Grass Fed Beef Rump Steaks 400-700g 
        </a>
      </p>
      
      <script>
    var productOfOrigin;
</script>

    
    

    <!-- product of origin first part of the rule -->
    

    
    

    <!-- product of origin first part of the rule -->
    

    
    

    <!-- product of origin first part of the rule -->
    

    
    

    <!-- product of origin first part of the rule -->
    

    
    

    <!-- product of origin first part of the rule -->
    

    
    

    <!-- product of origin first part of the rule -->
    




      <div class="salecontainer">
        <span class="sale">			

          <span class="unit_price"><strong><span class="from_price">$23.09</span> <small>ea</small></strong></span><br>
    		  <span class="compare_at_price unit_price"><small>$32.99 per kg</small></span> 
        </span>
      </div>

    </div>


  </div><!-- .coll-prod-caption -->

  
<div class="ajax-add-to-cart-quick custom-form" style="position:absolute; left:0; right:0; bottom:-10px; justify-content:center;">  
  <select name="quantity" class="addToCartSelect">    
    
    	<option value="1">1</option>
    
    	<option value="2">2</option>
    
    	<option value="3">3</option>
    
    	<option value="4">4</option>
    
    	<option value="5">5</option>
    
    	<option value="6">6</option>
    
    	<option value="7">7</option>
    
    	<option value="8">8</option>
    
    	<option value="9">9</option>
    
    	<option value="10">10</option>
    
    	<option value="11">11</option>
    
    	<option value="12">12</option>
    
    	<option value="13">13</option>
    
    	<option value="14">14</option>
    
    	<option value="15">15</option>
    
    	<option value="16">16</option>
    
    	<option value="17">17</option>
    
    	<option value="18">18</option>
    
    	<option value="19">19</option>
    
    	<option value="20">20</option>
    
  </select>&nbsp; 
  <button class="btn addToCartButton" type="button" name="add" data-id="2165828780041" data-weather="" data-wholesale="" data-cap="3299" data-slider="" data-seafood="" data-juice="" data-mealkit="" data-loosesalad="" data-instorebakery="" data-shortdate="" data-hideinstate="-" style="white-space: nowrap; padding: 10px; height: 35px; width: 75px; letter-spacing: 0;">ADD</button>
</div>

<div class="ajax-update-cart custom-form" style="position:absolute; left:0; right:0; bottom:-10px; justify-content:center; display:none;">
  <a href="javascript:;" class="minusitem"><img src="//cdn.shopify.com/s/files/1/0206/9470/t/232/assets/MinusIcon.jpg?v=8086515874301911391" style="width: 30px; height: 35px;"></a>
  <input type="text" pattern="[0-9.]+" class="ajaxquantity addToCartInput" name="quantity" value="" readonly="" style="display:inline-block">
  <div class="lds-ring"><div></div><div></div><div></div><div></div></div>
  <a href="javascript:;" class="plusitem"><img src="//cdn.shopify.com/s/files/1/0206/9470/t/232/assets/PlusIcon.jpg?v=15674260478820120933" style="width: 30px; height: 35px;"></a>&nbsp; 
  <button class="btn addToCartButton" type="button" name="add" data-id="2165828780041" data-weather="" data-wholesale="" data-cap="3299" data-slider="" data-seafood="" data-juice="" data-mealkit="" data-loosesalad="" data-instorebakery="" data-shortdate="" data-hideinstate="-" style="background: #84D1E8; white-space: nowrap; padding: 10px; height: 35px; letter-spacing: 0;" onclick="window.location='/cart'">IN CART</button>
</div>


</div>

<script>        
  var pickingStore = (!$.cookie("picking_store")) ? 73 : $.cookie("picking_store"); 
  var pickingStoreVariant = "s:"+pickingStore;
  
  for (var i = 0; i < partsOfStr.length; i++){
    var variantArray = partsOfStr[i].split(',');
    var showProduct = false;    
    
    if (variantArray[0].trim() == pickingStoreVariant.trim()){
      showProduct = true;
      productOfOrigin = variantArray[1];
      var special =  variantArray[2]; 
      var additional = variantArray[3];       
      var variantId = variantArray[4];
      var price =  variantArray[5];
      var compareAtPrice = variantArray[6];
      var conversionFactor = $("#product-3820286213").data("conversion-factor");                               
      var uom = $("#product-3820286213").data("uom");
      var hideInState = $("#product-3820286213").data("hideinstate");      
      
      if(additional){                
        $("#product-3820286213 .additional .sale").html(additional.toUpperCase());
        $("#product-3820286213 .additional").show();
      }
      
      $("#product-3820286213 .btn").attr('data-id',variantId);      
      $("#product-3820286213 .btn").attr('data-cap',compareAtPrice);          
      $("#product-3820286213 .caption .salecontainer .sale .from_price").html('$' + (variantArray[5]/100).toFixed(2));         
        
      if(special != "Default"){          
        $("#product-3820286213 .caption .unit_price .from_price").addClass("is-special");            
      }
            
      if (!compareAtPrice){
        if (uom != "" && uom ){ 
          $("#product-3820286213 .caption .salecontainer .sale .compare_at_price").html('<small>$'+((price*conversionFactor)/100).toFixed(2)+" "+uom+'</small>');
        } 
      }
      else{
        $("#product-3820286213 .caption .salecontainer .sale .compare_at_price").html('<small>$' + (variantArray[6]/100).toFixed(2) + ' per kg</small>');              
      }
        
      if((parseInt(variantArray[7])<=0) || (hideInState.indexOf(currState) != -1)){
        $("#product-3820286213 .ajax-add-to-cart-quick").html("<p class='error'>Out of Stock</p>");          
        $("#product-3820286213 a").css({"pointer-events":"none"});          
        $("#product-3820286213").remove();
        console.log(variantId + " removed.");            
      }
      else{
        $("#product-3820286213").addClass("in-stock");
        
        var items = $("#headercartvals").attr("data-items").split(";");

        $.each(items, function(index, item) {
          if (item){ 
            var itemId = item.split("-")[0];
            var itemQty = item.split("-")[1];

            if(variantArray[4] === itemId){
              $("#product-3820286213").find(".ajax-add-to-cart-quick").hide();
              $("#product-3820286213").find(".ajax-update-cart .addToCartInput").val(itemQty);
              $("#product-3820286213").find(".ajax-update-cart").show();
              return;                       
            } 
          }
        });                              
      }      
    }
  }                         
  $(".product-item").not(".in-stock").hide();              
</script>

<script>

    var productId =  null;
    var productObj = null;
    
        productId = "#product-3820286213";
        productObj = $(productId).find('.product-of-origin');
    

    // product of origin second part of the rule
    if(productOfOrigin == "Default"){
        $(productObj).html("Product of Australia");
    } else if (productOfOrigin == "Packaged in") {
        $(productObj).html("Packed in Australia from Imported Ingredients");
    } else if (productOfOrigin == "Packaged in local") {
        $(productObj).html("Packed in Australia from Imported and Local Ingredients");
    } else if (productOfOrigin == "Made In") {
        $(productObj).html("Made in Australia from Imported Ingredients");
    } else if (productOfOrigin == "Made in local") {
        $(productObj).html("Made in Australia from Imported and Local Ingredients"); 
    } else{
        $(productObj).html("Product of "+ productOfOrigin);
    }

</script> 


        
           








<div class="product-item columns large-2 in-stock" id="product-3818373253" data-variants="s:1,Australia,,,3818373253,3000,5999,0;s:73,Australia,,,2165831958537,3000,5999,10;" data-s1="0" data-s73="10" data-sort-tag="" data-shopify-sku="554386" data-uom="per kg" data-conversion-factor="2" data-hideinstate="-">
  <script>
    var variants = addslashes("s:1,Australia,Default,,3818373253,3000,5999,0;s:73,Australia,Default,,2165831958537,3000,5999,10;"); 
	var partsOfStr = variants.split(';');
  </script>
  
  <div class="collection-image">
    <div class="additional" style="width: 100%; height: auto; position: absolute; left: 0px; top: 0px; background: rgba(183, 183, 183, 0.37); color: white; padding: 4px; display: none">
      <span class="sale" style="font-size: 14px; color: black;"></span></div>
    <a href="/collections/beef/products/tara-valley-grass-fed-beef-scotch-fillet-steak-554386">
      <img class="lazyOwl" data-src="//cdn.shopify.com/s/files/1/0206/9470/products/554386-done_large.jpg?v=1615780816" src="//cdn.shopify.com/s/files/1/0206/9470/products/554386-done_medium.jpg?v=1615780816" alt="Tara Valley Grass Fed Beef Scotch Fillet Steak | Harris Farm Online" style="height: 100%; width: 100%">
    </a>
  </div>   
  <!-- .coll-image-wrap -->

  <div class="caption">
    
    <div class="box-title">
      
      <p class="title" style="height: 45px; font-size: 12px;">
        <a href="/collections/beef/products/tara-valley-grass-fed-beef-scotch-fillet-steak-554386">
          Tara Valley Grass Fed Beef Scotch Fillet Steak 400-500g 
        </a>
      </p>
      
      <script>
    var productOfOrigin;
</script>

    
    

    <!-- product of origin first part of the rule -->
    

    
    

    <!-- product of origin first part of the rule -->
    

    
    

    <!-- product of origin first part of the rule -->
    

    
    

    <!-- product of origin first part of the rule -->
    

    
    

    <!-- product of origin first part of the rule -->
    

    
    

    <!-- product of origin first part of the rule -->
    

    
    

    <!-- product of origin first part of the rule -->
    




      <div class="salecontainer">
        <span class="sale">			

          <span class="unit_price"><strong><span class="from_price">$30.00</span> <small>ea</small></strong></span><br>
    		  <span class="compare_at_price unit_price"><small>$59.99 per kg</small></span> 
        </span>
      </div>

    </div>


  </div><!-- .coll-prod-caption -->

  
<div class="ajax-add-to-cart-quick custom-form" style="position:absolute; left:0; right:0; bottom:-10px; justify-content:center;">  
  <select name="quantity" class="addToCartSelect">    
    
    	<option value="1">1</option>
    
    	<option value="2">2</option>
    
    	<option value="3">3</option>
    
    	<option value="4">4</option>
    
    	<option value="5">5</option>
    
    	<option value="6">6</option>
    
    	<option value="7">7</option>
    
    	<option value="8">8</option>
    
    	<option value="9">9</option>
    
    	<option value="10">10</option>
    
    	<option value="11">11</option>
    
    	<option value="12">12</option>
    
    	<option value="13">13</option>
    
    	<option value="14">14</option>
    
    	<option value="15">15</option>
    
    	<option value="16">16</option>
    
    	<option value="17">17</option>
    
    	<option value="18">18</option>
    
    	<option value="19">19</option>
    
    	<option value="20">20</option>
    
  </select>&nbsp; 
  <button class="btn addToCartButton" type="button" name="add" data-id="2165831958537" data-weather="" data-wholesale="" data-cap="5999" data-slider="" data-seafood="" data-juice="" data-mealkit="" data-loosesalad="" data-instorebakery="" data-shortdate="" data-hideinstate="-" style="white-space: nowrap; padding: 10px; height: 35px; width: 75px; letter-spacing: 0;">ADD</button>
</div>

<div class="ajax-update-cart custom-form" style="position:absolute; left:0; right:0; bottom:-10px; justify-content:center; display:none;">
  <a href="javascript:;" class="minusitem"><img src="//cdn.shopify.com/s/files/1/0206/9470/t/232/assets/MinusIcon.jpg?v=8086515874301911391" style="width: 30px; height: 35px;"></a>
  <input type="text" pattern="[0-9.]+" class="ajaxquantity addToCartInput" name="quantity" value="" readonly="" style="display:inline-block">
  <div class="lds-ring"><div></div><div></div><div></div><div></div></div>
  <a href="javascript:;" class="plusitem"><img src="//cdn.shopify.com/s/files/1/0206/9470/t/232/assets/PlusIcon.jpg?v=15674260478820120933" style="width: 30px; height: 35px;"></a>&nbsp; 
  <button class="btn addToCartButton" type="button" name="add" data-id="2165831958537" data-weather="" data-wholesale="" data-cap="5999" data-slider="" data-seafood="" data-juice="" data-mealkit="" data-loosesalad="" data-instorebakery="" data-shortdate="" data-hideinstate="-" style="background: #84D1E8; white-space: nowrap; padding: 10px; height: 35px; letter-spacing: 0;" onclick="window.location='/cart'">IN CART</button>
</div>


</div>

<script>        
  var pickingStore = (!$.cookie("picking_store")) ? 73 : $.cookie("picking_store"); 
  var pickingStoreVariant = "s:"+pickingStore;
  
  for (var i = 0; i < partsOfStr.length; i++){
    var variantArray = partsOfStr[i].split(',');
    var showProduct = false;    
    
    if (variantArray[0].trim() == pickingStoreVariant.trim()){
      showProduct = true;
      productOfOrigin = variantArray[1];
      var special =  variantArray[2]; 
      var additional = variantArray[3];       
      var variantId = variantArray[4];
      var price =  variantArray[5];
      var compareAtPrice = variantArray[6];
      var conversionFactor = $("#product-3818373253").data("conversion-factor");                               
      var uom = $("#product-3818373253").data("uom");
      var hideInState = $("#product-3818373253").data("hideinstate");      
      
      if(additional){                
        $("#product-3818373253 .additional .sale").html(additional.toUpperCase());
        $("#product-3818373253 .additional").show();
      }
      
      $("#product-3818373253 .btn").attr('data-id',variantId);      
      $("#product-3818373253 .btn").attr('data-cap',compareAtPrice);          
      $("#product-3818373253 .caption .salecontainer .sale .from_price").html('$' + (variantArray[5]/100).toFixed(2));         
        
      if(special != "Default"){          
        $("#product-3818373253 .caption .unit_price .from_price").addClass("is-special");            
      }
            
      if (!compareAtPrice){
        if (uom != "" && uom ){ 
          $("#product-3818373253 .caption .salecontainer .sale .compare_at_price").html('<small>$'+((price*conversionFactor)/100).toFixed(2)+" "+uom+'</small>');
        } 
      }
      else{
        $("#product-3818373253 .caption .salecontainer .sale .compare_at_price").html('<small>$' + (variantArray[6]/100).toFixed(2) + ' per kg</small>');              
      }
        
      if((parseInt(variantArray[7])<=0) || (hideInState.indexOf(currState) != -1)){
        $("#product-3818373253 .ajax-add-to-cart-quick").html("<p class='error'>Out of Stock</p>");          
        $("#product-3818373253 a").css({"pointer-events":"none"});          
        $("#product-3818373253").remove();
        console.log(variantId + " removed.");            
      }
      else{
        $("#product-3818373253").addClass("in-stock");
        
        var items = $("#headercartvals").attr("data-items").split(";");

        $.each(items, function(index, item) {
          if (item){ 
            var itemId = item.split("-")[0];
            var itemQty = item.split("-")[1];

            if(variantArray[4] === itemId){
              $("#product-3818373253").find(".ajax-add-to-cart-quick").hide();
              $("#product-3818373253").find(".ajax-update-cart .addToCartInput").val(itemQty);
              $("#product-3818373253").find(".ajax-update-cart").show();
              return;                       
            } 
          }
        });                              
      }      
    }
  }                         
  $(".product-item").not(".in-stock").hide();              
</script>

<script>

    var productId =  null;
    var productObj = null;
    
        productId = "#product-3818373253";
        productObj = $(productId).find('.product-of-origin');
    

    // product of origin second part of the rule
    if(productOfOrigin == "Default"){
        $(productObj).html("Product of Australia");
    } else if (productOfOrigin == "Packaged in") {
        $(productObj).html("Packed in Australia from Imported Ingredients");
    } else if (productOfOrigin == "Packaged in local") {
        $(productObj).html("Packed in Australia from Imported and Local Ingredients");
    } else if (productOfOrigin == "Made In") {
        $(productObj).html("Made in Australia from Imported Ingredients");
    } else if (productOfOrigin == "Made in local") {
        $(productObj).html("Made in Australia from Imported and Local Ingredients"); 
    } else{
        $(productObj).html("Product of "+ productOfOrigin);
    }

</script> 


        
           








<div class="product-item columns large-2 in-stock" id="product-3818221061" data-variants="s:1,Australia,,,3818221061,2000,3999,0;s:73,Australia,,,2165834252297,2000,3999,4;" data-s1="0" data-s73="4" data-sort-tag="" data-shopify-sku="554388" data-uom="per kg" data-conversion-factor="2" data-hideinstate="-">
  <script>
    var variants = addslashes("s:1,Australia,Default,,3818221061,2000,3999,0;s:73,Australia,Default,,2165834252297,2000,3999,4;"); 
	var partsOfStr = variants.split(';');
  </script>
  
  <div class="collection-image">
    <div class="additional" style="width: 100%; height: auto; position: absolute; left: 0px; top: 0px; background: rgba(183, 183, 183, 0.37); color: white; padding: 4px; display: none">
      <span class="sale" style="font-size: 14px; color: black;"></span></div>
    <a href="/collections/beef/products/tara-valley-grass-fed-beef-sirloin-steaks-554388">
      <img class="lazyOwl" data-src="//cdn.shopify.com/s/files/1/0206/9470/products/554388-done_large.jpg?v=1615780484" src="//cdn.shopify.com/s/files/1/0206/9470/products/554388-done_medium.jpg?v=1615780484" alt="Tara Valley Grass Fed Beef Sirloin Steaks | Harris Farm Online" style="height: 100%; width: 100%">
    </a>
  </div>   
  <!-- .coll-image-wrap -->

  <div class="caption">
    
    <div class="box-title">
      
      <p class="title" style="height: 45px; font-size: 12px;">
        <a href="/collections/beef/products/tara-valley-grass-fed-beef-sirloin-steaks-554388">
          Tara Valley Grass Fed Beef Sirloin Steaks 380-500g 
        </a>
      </p>
      
      <script>
    var productOfOrigin;
</script>

    
    

    <!-- product of origin first part of the rule -->
    

    
    

    <!-- product of origin first part of the rule -->
    

    
    

    <!-- product of origin first part of the rule -->
    

    
    

    <!-- product of origin first part of the rule -->
    

    
    

    <!-- product of origin first part of the rule -->
    

    
    

    <!-- product of origin first part of the rule -->
    

    
    

    <!-- product of origin first part of the rule -->
    




      <div class="salecontainer">
        <span class="sale">			

          <span class="unit_price"><strong><span class="from_price">$20.00</span> <small>ea</small></strong></span><br>
    		  <span class="compare_at_price unit_price"><small>$39.99 per kg</small></span> 
        </span>
      </div>

    </div>


  </div><!-- .coll-prod-caption -->

  
<div class="ajax-add-to-cart-quick custom-form" style="position:absolute; left:0; right:0; bottom:-10px; justify-content:center;">  
  <select name="quantity" class="addToCartSelect">    
    
    	<option value="1">1</option>
    
    	<option value="2">2</option>
    
    	<option value="3">3</option>
    
    	<option value="4">4</option>
    
    	<option value="5">5</option>
    
    	<option value="6">6</option>
    
    	<option value="7">7</option>
    
    	<option value="8">8</option>
    
    	<option value="9">9</option>
    
    	<option value="10">10</option>
    
    	<option value="11">11</option>
    
    	<option value="12">12</option>
    
    	<option value="13">13</option>
    
    	<option value="14">14</option>
    
    	<option value="15">15</option>
    
    	<option value="16">16</option>
    
    	<option value="17">17</option>
    
    	<option value="18">18</option>
    
    	<option value="19">19</option>
    
    	<option value="20">20</option>
    
  </select>&nbsp; 
  <button class="btn addToCartButton" type="button" name="add" data-id="2165834252297" data-weather="" data-wholesale="" data-cap="3999" data-slider="" data-seafood="" data-juice="" data-mealkit="" data-loosesalad="" data-instorebakery="" data-shortdate="" data-hideinstate="-" style="white-space: nowrap; padding: 10px; height: 35px; width: 75px; letter-spacing: 0;">ADD</button>
</div>

<div class="ajax-update-cart custom-form" style="position:absolute; left:0; right:0; bottom:-10px; justify-content:center; display:none;">
  <a href="javascript:;" class="minusitem"><img src="//cdn.shopify.com/s/files/1/0206/9470/t/232/assets/MinusIcon.jpg?v=8086515874301911391" style="width: 30px; height: 35px;"></a>
  <input type="text" pattern="[0-9.]+" class="ajaxquantity addToCartInput" name="quantity" value="" readonly="" style="display:inline-block">
  <div class="lds-ring"><div></div><div></div><div></div><div></div></div>
  <a href="javascript:;" class="plusitem"><img src="//cdn.shopify.com/s/files/1/0206/9470/t/232/assets/PlusIcon.jpg?v=15674260478820120933" style="width: 30px; height: 35px;"></a>&nbsp; 
  <button class="btn addToCartButton" type="button" name="add" data-id="2165834252297" data-weather="" data-wholesale="" data-cap="3999" data-slider="" data-seafood="" data-juice="" data-mealkit="" data-loosesalad="" data-instorebakery="" data-shortdate="" data-hideinstate="-" style="background: #84D1E8; white-space: nowrap; padding: 10px; height: 35px; letter-spacing: 0;" onclick="window.location='/cart'">IN CART</button>
</div>


</div>

<script>        
  var pickingStore = (!$.cookie("picking_store")) ? 73 : $.cookie("picking_store"); 
  var pickingStoreVariant = "s:"+pickingStore;
  
  for (var i = 0; i < partsOfStr.length; i++){
    var variantArray = partsOfStr[i].split(',');
    var showProduct = false;    
    
    if (variantArray[0].trim() == pickingStoreVariant.trim()){
      showProduct = true;
      productOfOrigin = variantArray[1];
      var special =  variantArray[2]; 
      var additional = variantArray[3];       
      var variantId = variantArray[4];
      var price =  variantArray[5];
      var compareAtPrice = variantArray[6];
      var conversionFactor = $("#product-3818221061").data("conversion-factor");                               
      var uom = $("#product-3818221061").data("uom");
      var hideInState = $("#product-3818221061").data("hideinstate");      
      
      if(additional){                
        $("#product-3818221061 .additional .sale").html(additional.toUpperCase());
        $("#product-3818221061 .additional").show();
      }
      
      $("#product-3818221061 .btn").attr('data-id',variantId);      
      $("#product-3818221061 .btn").attr('data-cap',compareAtPrice);          
      $("#product-3818221061 .caption .salecontainer .sale .from_price").html('$' + (variantArray[5]/100).toFixed(2));         
        
      if(special != "Default"){          
        $("#product-3818221061 .caption .unit_price .from_price").addClass("is-special");            
      }
            
      if (!compareAtPrice){
        if (uom != "" && uom ){ 
          $("#product-3818221061 .caption .salecontainer .sale .compare_at_price").html('<small>$'+((price*conversionFactor)/100).toFixed(2)+" "+uom+'</small>');
        } 
      }
      else{
        $("#product-3818221061 .caption .salecontainer .sale .compare_at_price").html('<small>$' + (variantArray[6]/100).toFixed(2) + ' per kg</small>');              
      }
        
      if((parseInt(variantArray[7])<=0) || (hideInState.indexOf(currState) != -1)){
        $("#product-3818221061 .ajax-add-to-cart-quick").html("<p class='error'>Out of Stock</p>");          
        $("#product-3818221061 a").css({"pointer-events":"none"});          
        $("#product-3818221061").remove();
        console.log(variantId + " removed.");            
      }
      else{
        $("#product-3818221061").addClass("in-stock");
        
        var items = $("#headercartvals").attr("data-items").split(";");

        $.each(items, function(index, item) {
          if (item){ 
            var itemId = item.split("-")[0];
            var itemQty = item.split("-")[1];

            if(variantArray[4] === itemId){
              $("#product-3818221061").find(".ajax-add-to-cart-quick").hide();
              $("#product-3818221061").find(".ajax-update-cart .addToCartInput").val(itemQty);
              $("#product-3818221061").find(".ajax-update-cart").show();
              return;                       
            } 
          }
        });                              
      }      
    }
  }                         
  $(".product-item").not(".in-stock").hide();              
</script>

<script>

    var productId =  null;
    var productObj = null;
    
        productId = "#product-3818221061";
        productObj = $(productId).find('.product-of-origin');
    

    // product of origin second part of the rule
    if(productOfOrigin == "Default"){
        $(productObj).html("Product of Australia");
    } else if (productOfOrigin == "Packaged in") {
        $(productObj).html("Packed in Australia from Imported Ingredients");
    } else if (productOfOrigin == "Packaged in local") {
        $(productObj).html("Packed in Australia from Imported and Local Ingredients");
    } else if (productOfOrigin == "Made In") {
        $(productObj).html("Made in Australia from Imported Ingredients");
    } else if (productOfOrigin == "Made in local") {
        $(productObj).html("Made in Australia from Imported and Local Ingredients"); 
    } else{
        $(productObj).html("Product of "+ productOfOrigin);
    }

</script> 


        
           








<div class="product-item columns large-2 in-stock" id="product-2182861357065" data-variants="s:1,Australia,,,2182861357065,1550,3099,0;s:73,Australia,,,2182861389833,1550,3099,3;" data-s1="0" data-s73="3" data-sort-tag="" data-shopify-sku="554393" data-uom="per kg" data-conversion-factor="2" data-hideinstate="-">
  <script>
    var variants = addslashes("s:1,Australia,Default,,2182861357065,1550,3099,0;s:73,Australia,Default,,2182861389833,1550,3099,3;"); 
	var partsOfStr = variants.split(';');
  </script>
  
  <div class="collection-image">
    <div class="additional" style="width: 100%; height: auto; position: absolute; left: 0px; top: 0px; background: rgba(183, 183, 183, 0.37); color: white; padding: 4px; display: none">
      <span class="sale" style="font-size: 14px; color: black;"></span></div>
    <a href="/collections/beef/products/tara-valley-grass-fed-beef-t-bone-steaks-554393">
      <img class="lazyOwl" data-src="//cdn.shopify.com/s/files/1/0206/9470/products/554393-done_large.jpg?v=1615780158" src="//cdn.shopify.com/s/files/1/0206/9470/products/554393-done_medium.jpg?v=1615780158" alt="Tara Valley Grass Fed Beef T Bone Steaks | Harris Farm Online" style="height: 100%; width: 100%">
    </a>
  </div>   
  <!-- .coll-image-wrap -->

  <div class="caption">
    
    <div class="box-title">
      
      <p class="title" style="height: 45px; font-size: 12px;">
        <a href="/collections/beef/products/tara-valley-grass-fed-beef-t-bone-steaks-554393">
          Tara Valley Grass Fed Beef T Bone Steaks 300-500g 
        </a>
      </p>
      
      <script>
    var productOfOrigin;
</script>

    
    

    <!-- product of origin first part of the rule -->
    

    
    

    <!-- product of origin first part of the rule -->
    

    
    

    <!-- product of origin first part of the rule -->
    

    
    

    <!-- product of origin first part of the rule -->
    

    
    

    <!-- product of origin first part of the rule -->
    

    
    

    <!-- product of origin first part of the rule -->
    

    
    

    <!-- product of origin first part of the rule -->
    




      <div class="salecontainer">
        <span class="sale">			

          <span class="unit_price"><strong><span class="from_price">$15.50</span> <small>ea</small></strong></span><br>
    		  <span class="compare_at_price unit_price"><small>$30.99 per kg</small></span> 
        </span>
      </div>

    </div>


  </div><!-- .coll-prod-caption -->

  
<div class="ajax-add-to-cart-quick custom-form" style="position:absolute; left:0; right:0; bottom:-10px; justify-content:center;">  
  <select name="quantity" class="addToCartSelect">    
    
    	<option value="1">1</option>
    
    	<option value="2">2</option>
    
    	<option value="3">3</option>
    
    	<option value="4">4</option>
    
    	<option value="5">5</option>
    
    	<option value="6">6</option>
    
    	<option value="7">7</option>
    
    	<option value="8">8</option>
    
    	<option value="9">9</option>
    
    	<option value="10">10</option>
    
    	<option value="11">11</option>
    
    	<option value="12">12</option>
    
    	<option value="13">13</option>
    
    	<option value="14">14</option>
    
    	<option value="15">15</option>
    
    	<option value="16">16</option>
    
    	<option value="17">17</option>
    
    	<option value="18">18</option>
    
    	<option value="19">19</option>
    
    	<option value="20">20</option>
    
  </select>&nbsp; 
  <button class="btn addToCartButton" type="button" name="add" data-id="2182861389833" data-weather="" data-wholesale="" data-cap="3099" data-slider="" data-seafood="" data-juice="" data-mealkit="" data-loosesalad="" data-instorebakery="" data-shortdate="" data-hideinstate="-" style="white-space: nowrap; padding: 10px; height: 35px; width: 75px; letter-spacing: 0;">ADD</button>
</div>

<div class="ajax-update-cart custom-form" style="position:absolute; left:0; right:0; bottom:-10px; justify-content:center; display:none;">
  <a href="javascript:;" class="minusitem"><img src="//cdn.shopify.com/s/files/1/0206/9470/t/232/assets/MinusIcon.jpg?v=8086515874301911391" style="width: 30px; height: 35px;"></a>
  <input type="text" pattern="[0-9.]+" class="ajaxquantity addToCartInput" name="quantity" value="" readonly="" style="display:inline-block">
  <div class="lds-ring"><div></div><div></div><div></div><div></div></div>
  <a href="javascript:;" class="plusitem"><img src="//cdn.shopify.com/s/files/1/0206/9470/t/232/assets/PlusIcon.jpg?v=15674260478820120933" style="width: 30px; height: 35px;"></a>&nbsp; 
  <button class="btn addToCartButton" type="button" name="add" data-id="2182861389833" data-weather="" data-wholesale="" data-cap="3099" data-slider="" data-seafood="" data-juice="" data-mealkit="" data-loosesalad="" data-instorebakery="" data-shortdate="" data-hideinstate="-" style="background: #84D1E8; white-space: nowrap; padding: 10px; height: 35px; letter-spacing: 0;" onclick="window.location='/cart'">IN CART</button>
</div>


</div>

<script>        
  var pickingStore = (!$.cookie("picking_store")) ? 73 : $.cookie("picking_store"); 
  var pickingStoreVariant = "s:"+pickingStore;
  
  for (var i = 0; i < partsOfStr.length; i++){
    var variantArray = partsOfStr[i].split(',');
    var showProduct = false;    
    
    if (variantArray[0].trim() == pickingStoreVariant.trim()){
      showProduct = true;
      productOfOrigin = variantArray[1];
      var special =  variantArray[2]; 
      var additional = variantArray[3];       
      var variantId = variantArray[4];
      var price =  variantArray[5];
      var compareAtPrice = variantArray[6];
      var conversionFactor = $("#product-2182861357065").data("conversion-factor");                               
      var uom = $("#product-2182861357065").data("uom");
      var hideInState = $("#product-2182861357065").data("hideinstate");      
      
      if(additional){                
        $("#product-2182861357065 .additional .sale").html(additional.toUpperCase());
        $("#product-2182861357065 .additional").show();
      }
      
      $("#product-2182861357065 .btn").attr('data-id',variantId);      
      $("#product-2182861357065 .btn").attr('data-cap',compareAtPrice);          
      $("#product-2182861357065 .caption .salecontainer .sale .from_price").html('$' + (variantArray[5]/100).toFixed(2));         
        
      if(special != "Default"){          
        $("#product-2182861357065 .caption .unit_price .from_price").addClass("is-special");            
      }
            
      if (!compareAtPrice){
        if (uom != "" && uom ){ 
          $("#product-2182861357065 .caption .salecontainer .sale .compare_at_price").html('<small>$'+((price*conversionFactor)/100).toFixed(2)+" "+uom+'</small>');
        } 
      }
      else{
        $("#product-2182861357065 .caption .salecontainer .sale .compare_at_price").html('<small>$' + (variantArray[6]/100).toFixed(2) + ' per kg</small>');              
      }
        
      if((parseInt(variantArray[7])<=0) || (hideInState.indexOf(currState) != -1)){
        $("#product-2182861357065 .ajax-add-to-cart-quick").html("<p class='error'>Out of Stock</p>");          
        $("#product-2182861357065 a").css({"pointer-events":"none"});          
        $("#product-2182861357065").remove();
        console.log(variantId + " removed.");            
      }
      else{
        $("#product-2182861357065").addClass("in-stock");
        
        var items = $("#headercartvals").attr("data-items").split(";");

        $.each(items, function(index, item) {
          if (item){ 
            var itemId = item.split("-")[0];
            var itemQty = item.split("-")[1];

            if(variantArray[4] === itemId){
              $("#product-2182861357065").find(".ajax-add-to-cart-quick").hide();
              $("#product-2182861357065").find(".ajax-update-cart .addToCartInput").val(itemQty);
              $("#product-2182861357065").find(".ajax-update-cart").show();
              return;                       
            } 
          }
        });                              
      }      
    }
  }                         
  $(".product-item").not(".in-stock").hide();              
</script>

<script>

    var productId =  null;
    var productObj = null;
    
        productId = "#product-2182861357065";
        productObj = $(productId).find('.product-of-origin');
    

    // product of origin second part of the rule
    if(productOfOrigin == "Default"){
        $(productObj).html("Product of Australia");
    } else if (productOfOrigin == "Packaged in") {
        $(productObj).html("Packed in Australia from Imported Ingredients");
    } else if (productOfOrigin == "Packaged in local") {
        $(productObj).html("Packed in Australia from Imported and Local Ingredients");
    } else if (productOfOrigin == "Made In") {
        $(productObj).html("Made in Australia from Imported Ingredients");
    } else if (productOfOrigin == "Made in local") {
        $(productObj).html("Made in Australia from Imported and Local Ingredients"); 
    } else{
        $(productObj).html("Product of "+ productOfOrigin);
    }

</script> 


        
      </div>
    

  

</div>

<div class="row">
  <div class="columns">
    <div class="divider bottom-margin"></div>
  </div>
</div>

<div class="row">
  <div class="columns large-12 pagination-centered">
    
<ul class="pagination">
  
  <li class="arrow  unavailable"><a><span class="glyph arrow-left" aria-hidden="true"></span> Previous</a></li>
  
  
    
      
        <li class="current"><a href="">1</a></li>
      
    
  
    
      <li><a href="/collections/beef?page=2">2</a></li>
    
  
  
  <li class="arrow "><a href="/collections/beef?page=2">Next <span class="glyph arrow-right" aria-hidden="true"></span></a></li>
  
</ul>

  </div>


  
  <article class="description columns">
    <!--CRUMBS-->
<div id="crumbs">
<a href="/" title="Home">Home</a>  <a href="/collections/butcher">BUTCHER</a>  <a href="/collections/Beef">BEEF</a>
</div>
<!--ENDCRUMBS-->
  </article>
  

</div>

<footer class="row">
  <div class="left columns large-6">
    
      

<ul class="breadcrumbs colored-links">
   <li><a href="/">Home</a></li>
   
     
     
  
  
  
      <li><a href="/collections">Shop Online</a></li>  <li> Beef </li> 
         
</ul>
    
  </div>

</footer>



<script>
  /* Product Tag Filters - Good for any number of filters on any type of collection pages */
  /* Brought to you by Caroline Schnapp */
  var collFilters = jQuery('.tags-listbox');
  collFilters.change(function() {
    var newTags = [];
    collFilters.each(function() { 
      if (jQuery(this).val()) {
        newTags.push(jQuery(this).val());
      }
    });
    if (newTags.length) {
      var query = newTags.join('+');
      window.location.href = jQuery('<a href="/collections/beef/tag" title="Show products matching tag tag">tag</a>').attr('href').replace('tag', query);
    } 
    else {
      
      window.location.href = '/collections/beef';
      
    }
  });
      

     
      
</script>
  </section>

  
<footer style="letter-spacing: normal; 
                 background: url('//cdn.shopify.com/s/files/1/0206/9470/t/232/assets/footer-bg.jpg?v=16501732134060831984');
                     background-size: cover;">

    <div class="row bottom" style="padding-top: 35px;">
      

      <div class="column-2 large-2 columns" style="line-height: 1;">
        <h2 class="title">ABOUT</h2>

        <div class="content">
          
          

          <ul class="footer-nav plain-list" role="navigation">
            
            <li><a href="/pages/our-story" title="About Us">About Us</a></li>
            
            <li><a href="/pages/our-stores" title="Store &amp; Trading Hours">Store &amp; Trading Hours</a></li>
            
            <li><a href="/blogs/pick-of-the-week" title="What's Fresh">What's Fresh</a></li>
            
            <li><a href="/collections/recipes" title="Recipes">Recipes</a></li>
            
            <li><a href="http://www.harrisfarm.com.au/blogs/campaigns/18047452-rate-your-local-harris-farm-store" title="Rate Your Local Store" target="_blank">Rate Your Local Store</a></li>
            
            <li><a href="https://cdn.shopify.com/s/files/1/0206/9470/files/sustainability_80cd20a9-1c0b-4dd2-8837-a79bf9b3a4b4.pdf?v=1597107432" title="Sustainability" target="_blank">Sustainability</a></li>
            
            <li><a href="/blogs/all" title="Blog">Blog</a></li>
            
            <li><a href="/pages/careers-page" title="Careers">Careers</a></li>
            
            <li><a href="https://harrisfarmsupport.zendesk.com/hc/en-us" title="Contact Us" target="_blank">Contact Us</a></li>
            
          </ul>
          
        </div>
      </div>


      <div class="column-2 large-2 columns" style="line-height: 1;">
        <h2 class="title">SHOP ONLINE</h2>
        <div class="content">
          
          
          <ul class="footer-nav plain-list" role="navigation">
            
            <li><a href="/collections/value-boxes" title="Harris Farm Value Boxes">Harris Farm Value Boxes</a></li>
            
            <li><a href="/collections/online-specials" title="Specials">Specials</a></li>
            
            <li><a href="/pages/delivery" title="Delivery Information">Delivery Information</a></li>
            
            <li><a href="http://www.harrisfarm.com.au/blogs/campaigns/16463512-promotions" title="Promotions" target="_blank">Promotions</a></li>
            
            <li><a href="/pages/liquor-licensing" title="Liquor Licensing">Liquor Licensing</a></li>
            
            <li><a href="/pages/refund-policy" title="Refunds &amp; Returns Policy">Refunds &amp; Returns Policy</a></li>
            
            <li><a href="/pages/best-online-grocer" title="Best Online Grocer">Best Online Grocer</a></li>
            
            <li><a href="https://harrisfarmsupport.zendesk.com/hc/en-us" title="FAQ's" target="_blank">FAQ's</a></li>
            
            <li><a href="/pages/terms-conditions" title="Terms &amp; Conditions">Terms &amp; Conditions</a></li>
            
            <li><a href="/pages/privacy-policy" title="Privacy Policy">Privacy Policy</a></li>
            
          </ul>
          
          
            
          
        </div>

      </div>

      <div class="column-2 large-2 columns" style="line-height: 1;">
        <h2 class="title">OUR PARTNERS</h2>
        <div class="content">
          
          
          <ul class="footer-nav plain-list" role="navigation">
            
            <li><a href="https://www.serviceseeking.com.au" title="ServiceSeeking.com.au" target="_blank">ServiceSeeking.com.au</a></li>
            
            <li><a href="https://www.crackawines.com.au/" title="Cracka Wines" target="_blank">Cracka Wines</a></li>
            
            <li><a href="https://www.showpo.com/" title="Showpo" target="_blank">Showpo</a></li>
            
            <li><a href="https://www.petcircle.com.au/" title="Pet Circle" target="_blank">Pet Circle</a></li>
            
            <li><a href="https://www.cocorepublic.com.au/" title="Coco Republic" target="_blank">Coco Republic</a></li>
            
            <li><a href="https://www.appliancesonline.com.au/" title="Appliances Online" target="_blank">Appliances Online</a></li>
            
          </ul>         
          
        </div> 
      </div>
      
      <div id="contact-hfm" class="column-3 large-3 columns" style="line-height: 1;">
        
        <div class="content" style="font-family: Graphen;">
          
          
          <span style="font-size: 35px; color: #5ACA5A;"><strong>GIVE US A BELL</strong></span><br>
          <span style="font-size: 33px;"><strong>1300 828 491</strong></span> <br> 
          
          <span style="font-size: 33px; font-family: Lunchbox;"><a href="https://harrisfarmsupport.zendesk.com/" target="_blank">Harris Farm Help Centre</a></span>
          <div class="social-follow" style="padding-top: 20px">
            <a title="Facebook" aria-hidden="true" target="_blank" href="http://www.facebook.com/harrisfarmmarkets"><img src="//cdn.shopify.com/s/files/1/0206/9470/t/232/assets/fb-icon_50x.png?v=16226672244838013640"></a>
            <a title="Instagram" aria-hidden="true" target="_blank" href="http://instagram.com/harrisfarmmarkets"><img src="//cdn.shopify.com/s/files/1/0206/9470/t/232/assets/insta-icon_50x.png?v=13559282251256777287"></a>
            <a title="YouTube" aria-hidden="true" target="_blank" href="https://www.youtube.com/user/HarrisFarmAU"><img src="//cdn.shopify.com/s/files/1/0206/9470/t/232/assets/youtube-icon_50x.png?v=18177996312802411286"></a>
            
            
            
          </div>          
        </div>

      </div>

      <div id="mini-subscribe" class="column-3 large-3 columns" style="line-height: 1; ">
        
          
          
            <h2 class="title" style="text-align: center;  font-family: Graphen;  font-size: 35px; color: #474368">ARE WE FRIENDS YET?</h2>
          
          <div class="content"><fast-button></fast-button></div>
          <div class="content" id="mailing-list-module" style="background: rgba(103,185,225,0.75); padding: 25px; margin-top: 10px;">
            
            
              <p style="color: white;  font-family: Lunchbox;  font-size: 30px;  text-align: center;">SIGN UP FOR 5% OFF YOUR VEG PLUS SOOOOOOO MUCH MORE</p>
            

            


            <form class="mini-subscribe-form" action="/pages/subscriber-details" style="display: none;">    
              <input type="hidden" id="contact_tags" name="customer[tags]" value="Newsletter">
              <input type="hidden" name="customer[first_name]" value="">
              <input type="hidden" name="customer[last_name]" value="">
              <input type="hidden" name="signupsource" value="WEB-MINI-SUBSCRIBE">            
              <input type="hidden" name="cookie-postcode" value="2000">
              <select name="cookie-local-store" style="display: none;"> 
                <option value="1">Online</option>
              </select>
              <select name="customer[tags]" style="display: none;">
                <option value="HDUH: Newsletter"></option>
              </select>
              <input type="checkbox" name="customer[accepts_marketing]" value="true" style="display: none" checked="">
              <input type="email" placeholder="Your Email" id="ms-email" name="customer[email]" required="">
              <button type="submit" style="border: none; background: none; width: 100%; margin: 0 auto"><img src="//cdn.shopify.com/s/files/1/0206/9470/t/232/assets/signup-btn_100x.png?v=18443815324642815377" style="width: 95px;"></button>
            </form>            
                
            
            
          

            
        </div> 
      </div>
      <div id="liquor_license">Harris Farm supports the responsible service of alcohol. NSW: Liquor Act 2007: It is against the law to sell or supply alcohol to, or to obtain alcohol on behalf of, a person under the age of 18 years. Liquor Licence Number: LIQP770017231</div>
    </div>

    
      
        

  </footer>

<style>
  
  @media only screen and (max-width: 950px) {
    .social-follow a {
      width: 30px;
    }
  }

  @media only screen and (max-width: 800px) {
    .social-follow a {
      width: 25px;
    }
  }
  
  @media only screen and (max-width: 479px) {
    .social-follow a {
      width: 35px;
    }
  }
  
</style>
<script>
  $(document).ready(function(){
    setTimeout(function(){
      $(".mini-subscribe-form").show();
    },3000);
  });
</script>
  

  

  
  <script src="//cdn.shopify.com/s/files/1/0206/9470/t/232/assets/plugins.js?v=14183536408250493996" type="text/javascript"></script>
  <script src="//cdn.shopify.com/s/files/1/0206/9470/t/232/assets/shop.js?v=16460596840328013872" type="text/javascript"></script>


  

  
  <style>
  .register, .weather, .weather-co, .samedaydelivery, .nomorestock, .orderlow, 
  		.seafood, .seafood-co, .noliquorgf-co, .juice, .juice-co, .mealkit, .mealkit-co, .loosesalad, .loosesalad-co, .shortdate, .shortdate-co, .instorebakery, .instorebakery-co, .wholesale, .wholesale-co, .shopping, .loadingscreen {
    position: fixed;
    top: 0px;
    bottom: 0px;
    left: 0px;
    right: 0px;
    margin: auto;
    display: block;
    background-color: rgb(255, 255, 255);
    display: none;
  }
  
  .deliveryType, #lb-lists {
    position: fixed;
    top: 50px;
    left: 0px;
    right: 0px;
    margin: auto;
    display: block;
    background-color: rgb(255, 255, 255);
    display: none;
    width: 450px;
  }

  .register, .loadingscreen {
    width: 300px;
    height: 300px;
  }
  
  .loadingscreen {
    width: 320px;
    height: 200px;
  }

  #postcode_loader, #ndis_loader, #store_loader {
  	display: inline;
    width: 20px;
  }
  
  .weather, .weather-co, .seafood, .seafood-co, .noliquorgf-co, .juice, .juice-co, .mealkit, .mealkit-co, .loosesalad, .loosesalad-co, .shortdate, .shortdate-co, .instorebakery, .instorebakery-co, .wholesale, .wholesale-co, .shopping {
    width: 320px;
    height: 300px;
  }
  
  .samedaydelivery, .nomorestock, .orderlow {
  	width: 320px; 
    height: 190px;  
  }  

  .hfmModal.shopping {
    text-align: center;
  }
  
</style>


<!-- Delivery Type Modal -->
<div class="hfmModal deliveryType">
  <div class="loading"></div>
  <a aria-hidden="true" class="hfmModalClose close glyph cross" style="display: inline;"></a>
  <div class="deliveryType-content" style="padding: 50px">
    <form id="delivery_type_form">
      <h2 class="delivery_type-reservation_title">RESERVE YOUR DELIVERY TIME</h2>
      <p>Reserve your delivery time by making a selection below.</p>
      <table>
        <tbody><tr id="delivery-expire-modal" style="background:#ffc520;">
          <td colspan="2" style="color: #333333"><strong>Delivery Reservation Expired.</strong> Please select again below.</td>              
        </tr>
        <tr>
          <td><strong>Type</strong></td><td><select id="delivery_type"><option value=""></option><option value="delivery">Delivery</option><option value="click_collect">Click &amp; Collect*</option></select></td>
        </tr>
        <tr id="ndis-select-modal" style="display:none">
          <td colspan="2">
            <input id="ndis_checkbox" type="checkbox"> <label for="ndis_checkbox">NDIS priority access (<a href="/blogs/news/priority-home-delivery-service" target="_new">more details</a>)</label>
          </td>
        </tr>
        <tr id="ndis-modal">
          <td><strong>NDIS</strong></td>
          <td><input type="text" id="ndis" placeholder="12 digit code" maxlength="12" style="display: inline;width:120px"> <img id="ndis_loader" src="//cdn.shopify.com/s/files/1/0206/9470/t/232/assets/ajax-loader.gif?v=16714664463364766862"></td>
        </tr>
        <tr id="cc_store_row">
          <td><strong>Store</strong></td><td><select id="cc_store" style="display: inline;width:150px"><option value=""></option></select> <img id="store_loader" src="//cdn.shopify.com/s/files/1/0206/9470/t/232/assets/ajax-loader.gif?v=16714664463364766862"></td>
        </tr>
        <tr id="delivery-postcode-modal">
          <td><strong>Postcode</strong></td>
          <td><input type="number" style="border: 1px solid; width: 120px; display: inline;" id="spost-code-modal"> <img id="postcode_loader" src="//cdn.shopify.com/s/files/1/0206/9470/t/232/assets/ajax-loader.gif?v=16714664463364766862"></td>
        </tr>
        <tr id="delivery-day-modal">
          <td><strong>Date</strong></td>
          <td>
            <input type="text" class="date-picker-modal" style="border: 1px solid;" placeholder="Select delivery date" readonly="">
            <input type="hidden" id="sdelivery-date-modal">
          </td>
        </tr>
        <tr id="delivery-type-modal">
          <td><strong>Type</strong></td>
          <td>
            <select id="sdelivery-type-modal">
              <option value="0">Select delivery type</option>
            </select>
          </td>
        </tr>
        <tr id="clickcollect-info-modal" style="background: #ffc520;">
          <td colspan="2" style="color: #333333"><strong>Photo ID</strong> proving identity must be presented upon picking up the order. If someone else will be collecting it on your behalf, please put the person's name in the Order Notes and make sure they bring photo ID with them.</td>              
        </tr>
        <tr id="delivery-time-modal">
          <td><strong>Time</strong></td>
          <td>
            <select id="sdelivery-time-modal">
              <option>Select delivery time</option>
            </select>
          </td>
        </tr>
      </tbody></table>
      <button type="submit" disabled=""> Enter </button>
      <div><a href="/pages/delivery" target="_new"><img src="//cdn.shopify.com/s/files/1/0206/9470/t/232/assets/deliverytruck_icon.png?v=3353943890540345518" style="display:inline-block;width: 25px;"> View our delivery info.</a></div>
      <div style="font-size:10px; margin-top:15px">*Minimum order value is $50.</div>
    </form>
  </div>
  <style>
    #delivery-expire-modal, #delivery-day-modal, #delivery-type-modal, #delivery-time-modal, #clickcollect-info-modal, #postcode_loader, #ndis_loader, #store_loader {
      display: none;
    }    
    #delivery_type_form td:first-child {
      color: #018600;
      width: 25%;
    }
    #delivery_type_form input, #delivery_type_form select {
      margin-bottom: 0px !important;
      border-color: black !important;
    }
    #ndis-select-modal label, #ndis-select-modal a {
      font-size: 12px;
      display: inline-block;
      color: #018600;
    }
    #ndis-select-modal td {
      padding-top: 0px;
      padding-bottom: 0px;
    }
    #ndis-modal {
      display: none;
    }
    .delivery_type-reservation_title {
      font-family: 'Graphen';
      font-size: 2em;
      text-align: center;
      line-height: 0.9;
      margin-bottom: 10px;
    }
    @media only screen and (max-width: 479px) {
      .delivery_type-reservation_title {
      font-family: 'Graphen';
      font-size: 2.5em;
      text-align: center;
      line-height: 0.9;
      margin-bottom: 10px;
    }
    }
  </style>  
</div>
<!-- Delivery Type Modal -->

<!-- Register Modal -->
<div class="hfmModal register">
  <div class="loading"></div>
  <a aria-hidden="true" class="hfmModalClose close glyph cross" style="display: inline;"></a>
  <div style="padding: 50px">
   
    <div id="login-loading" align="center" style="padding-top: 50px;">      
      <img src="//cdn.shopify.com/s/files/1/0206/9470/t/232/assets/loader.gif?v=117258477243901512">
      <p>Please wait...</p>
    </div>
    <div id="register-error-id" align="center" style="padding-top: 50px; display: none;">      
      <img src="https://cdn.shopify.com/s/files/1/0206/9470/files/lightbox-alert.png?3266162634440293551">
      <div><p id="register-error-message"></p></div>
    </div>
    
  </div>
</div>
<!-- Register Modal -->

<div class="hfmModal loadingscreen">
  <div align="center" style="padding: 25px">      
    <img src="//cdn.shopify.com/s/files/1/0206/9470/t/232/assets/loader.gif?v=117258477243901512">
    <p>Please wait...</p>
    <p id="additional-loading-message"></p>
    <p id="product-to-change-variant"></p>
  </div>
</div>
  <!--Seafood Warning-->
  <div class="hfmModal hfmNotification seafood">
    <h2 id="seafood_header">Sydney Fresh Seafood Alert!</h2>  
    <div id="seafood_message" style="">Our Sydney Fresh Seafood range is <strong>not available for Last Minute deliveries</strong>. Please consider this when selecting your delivery date.</div>  
    <br>
    <div>Don't Show Again <input type="checkbox" id="noshowseafood" name="noshowseafood"><br>
      <a class="button notify-btn" id="seafood-ok">OK</a></div>
    </div>
  
  <div class="hfmModal hfmNotification seafood-co">
    <h2 id="seafood_header">Sydney Fresh Seafood Alert!</h2>     
    <div id="seafood_message" style="">Sydney Fresh Seafood products are unavailable for last minute deliveries.<br>Would you like to <strong>change date</strong> or <strong>proceed without seafood</strong>?</div>  
    <br>
    <div><a class="button" id="seafood-change-date">Change Date</a> <a class="button" id="seafood-proceed-remove">Proceed</a></div>    
    <br>
  </div>
  <!--Juice Warning-->
  <div class="hfmModal hfmNotification juice">
    <h2 id="juice_header">Harris Farm Fresh Orange Juice Alert!</h2>  
    <div id="juice_message" style="">Our Harris Farm Fresh orange juice is only <strong>available if ordered before midnight the day before delivery</strong>. They also <strong>aren't available for a milk run delivery</strong>. Please consider these constraints when selecting your delivery date.</div>  
    <br>
    <div>Don't Show Again <input type="checkbox" id="noshowjuice" name="noshowjuice"><br>
      <a class="button notify-btn" id="juice-ok">OK</a></div>
    </div>
  
  <div class="hfmModal hfmNotification juice-co">
    <h2 id="juice_header">Harris Farm Fresh Orange Juice Alert!</h2>     
    <div id="juice_message" style="">Unfortunately our Harris Farm Fresh orange juice is unavailable for delivery on your selected delivery time. It is only available if ordered before midnight the day before delivery. They also <strong>aren't available for a milk run delivery</strong>. Would you like to <strong>change date</strong> or <strong>proceed without juice</strong>?</div>  
    <br>
    <div><a class="button" id="juice-change-date">Change Date</a> <a class="button" id="juice-proceed-remove">Proceed</a></div>    
    <br>
  </div>
  <!--Mealkit Warning-->
  <div class="hfmModal hfmNotification mealkit">
    <h2 id="mealkit_header">Harris Farm Seafood Meal Kits Alert!</h2>  
    <div id="mealkit_message" style="">Our Seafood Meal Kits are <strong>only available for last minute deliveries</strong>. Please consider this constraint when selecting your delivery date.</div>  
    <br>
    <div>Don't Show Again <input type="checkbox" id="noshowmealkit" name="noshowmealkit"><br>
      <a class="button notify-btn" id="mealkit-ok">OK</a></div>
    </div>
  
  <div class="hfmModal hfmNotification mealkit-co">
    <h2 id="mealkit_header">Harris Farm Seafood Meal Kits Alert!</h2>     
    <div id="mealkit_message" style="">Unfortunately our Harris Farm seafood meal kits are unavailable for delivery on your selected delivery time. They are unavailable for last minute deliveries. Would you like to <strong>change date</strong> or <strong>proceed without the Meal Kit</strong>?</div>  
    <br>
    <div><a class="button" id="mealkit-change-date">Change Date</a> <a class="button" id="mealkit-proceed-remove">Proceed</a></div>    
    <br>
  </div>
  <!--Loose Salad Warning-->
  <div class="hfmModal hfmNotification loosesalad">
    <h2 id="loosesalad_header">Loose Salad Box Alert!</h2>  
    <div id="loosesalad_message" style="">Our Loose Salad Boxes are only <strong>available if ordered before midnight the day before delivery</strong>. They also <strong>aren't available for a milk run delivery</strong>. Please consider these constraints when selecting your delivery date.</div>  
    <br>
    <div>Don't Show Again <input type="checkbox" id="noshowloosesalad" name="noshowloosesalad"><br>
      <a class="button notify-btn" id="loosesalad-ok">OK</a></div>
    </div>
  
  <div class="hfmModal hfmNotification loosesalad-co">
    <h2 id="loosesalad_header">Loose Salad Box Alert!</h2>     
    <div id="loosesalad_message" style="">Unfortunately our Loose Salad Boxes are unavailable for delivery on your selected delivery time. It is only available if ordered before midnight the day before delivery. They also <strong>aren't available for a milk run delivery</strong>. <br>Would you like to <strong>change date</strong> or <strong>proceed without the Loose Salad Box</strong>?</div>  
    <br>
    <div><a class="button" id="loosesalad-change-date">Change Date</a> <a class="button" id="loosesalad-proceed-remove">Proceed</a></div>    
    <br>
  </div>
  <!--Instore Bakery Warning-->
  <div class="hfmModal hfmNotification instorebakery">
    <h2 id="instorebakery_header">Instore Bakery Alert!</h2>  
    <div id="instorebakery_message" style="">Our Instore Bakery products are only <strong>available for 3:00 PM - 6:00 PM (Standard) and 4:00 PM - 9:00 PM (Economy) deliveries</strong>. Please consider these constraints when selecting your delivery date.</div>  
    <br>
    <div>Don't Show Again <input type="checkbox" id="noshowinstorebakery" name="noshowinstorebakery"><br>
      <a class="button notify-btn" id="instorebakery-ok">OK</a></div>
    </div>
  
  <div class="hfmModal hfmNotification instorebakery-co">
    <h2 id="instorebakery_header">Instore Bakery Alert!</h2>     
    <div id="instorebakery_message" style="">Unfortunately our Instore Bakery products are unavailable for delivery on your selected delivery time. It is only available for 3:00 PM - 6:00 PM (Standard) and 4:00 PM - 9:00 PM (Economy) deliveries. <br>Would you like to <strong>change date</strong> or <strong>proceed without the Instore Bakery products</strong>?</div>  
    <br>
    <div><a class="button" id="instorebakery-change-date">Change Date</a> <a class="button" id="instorebakery-proceed-remove">Proceed</a></div>
    <br>
  </div>
  <!--Shortdate Warning-->
  <div class="hfmModal hfmNotification shortdate">
    <h2 id="shortdate_header">Short Date Alert!</h2>  
    <div id="shortdate_message" style="">This is a short date product and is only <strong>available for same or next day delivery</strong>. Please consider these constraints when selecting your delivery date.</div>  
    <br>
    <div>Don't Show Again <input type="checkbox" id="noshowshortdate" name="noshowshortdate"><br>
      <a class="button notify-btn" id="shortdate-ok">OK</a></div>
    </div>
  
  <div class="hfmModal hfmNotification shortdate-co">
    <h2 id="shortdate_header">Short Date Alert!</h2>     
    <div id="shortdate_message" style="">Unfortunately our short dated products are unavailable for delivery on your selected delivery time. It is only available for same or next day delivery. Would you like to <strong>change date</strong> or <strong>proceed without short dated items</strong>?</div>  
    <br>
    <div><a class="button" id="shortdate-change-date">Change Date</a> <a class="button" id="shortdate-proceed-remove">Proceed</a></div>
    <br>
  </div>
  <!--Weather Warning-->
  <div class="hfmModal hfmNotification weather">
    <div id="weather_header" style=""><strong>Weather Warning!</strong></div>	
    <br>
    <div id="weather_message" style="">Due to the hot weather at this time of year, our strawberries will not last very long even when kept in a fridge. They should be eaten the same day or the next. Please take this into consideration when purchasing.</div>  
    <br>
    <div>Don't Show Again <input type="checkbox" id="noshowweather" name="noshowweather"><br>
      <a class="button notify-btn" id="weather-ok">OK</a></div>
    </div>
  
  <div class="hfmModal hfmNotification weather-co">
    <div id="weather_header" style=""><strong></strong></div>	
    <br>
    <div id="weather_message" style=""></div>  
    <br>
    <div><a class="button" id="weather-ok">OK</a></div>
  	<br>
  </div>
  <!--Same Day Delivery Warning-->
  <div class="hfmModal hfmNotification samedaydelivery">
    <div id="samedaydelivery_header" style=""><strong>Premium and Last Minute Delivery Charge</strong></div>	
    <br>
    <div id="samedaydelivery_message" style="">Premium and last minute delivery incur an additional charge of up to $5, select another delivery type to avoid this.</div>  
    <br>
    <div><a class="button notify-btn" id="samedaydelivery-ok">OK</a></div>
  	<br>
  </div>
  <!--No more available stock warning-->
  <div class="hfmModal hfmNotification nomorestock">
    <div id="nomorestock_header" style=""><strong>Stock not available.</strong></div>	
    <br>
    <div id="nomorestock_message" style="">Sorry, that amount of stock is not available for this product.</div>  
    <br>
    <div><a class="button notify-btn" id="nomorestock-ok">OK</a></div>
  	<br>
  </div>
   <!--Order value too low warning-->
  <div class="hfmModal hfmNotification orderlow">
    <div id="orderlow_header" style=""><strong>Below minimum order value</strong></div>	
    <br>
    <div id="orderlow_message" style="">Sorry, the minimum order value is $50.</div>  
    <br>
    <div><a class="button notify-btn" id="orderlow-ok">OK</a></div>
  	<br>
  </div>
   <!--No liquor on good friday warning-->
  <div class="hfmModal hfmNotification noliquorgf-co">
    <h2 id="noliquorgf_header">Liquor Delivery Alert</h2>     
    <div id="noliquorgf_message" style="">Liquor products are unavailable for delivery on Good Friday.<br>Would you like to <strong>change date or <strong>proceed without liquor?</strong></strong></div>  
    <br>
    <div><a class="button" id="noliquorgf-change-date">Change Date</a> <a class="button" id="noliquorgf-proceed-remove">Proceed</a></div>
    <br>
  </div>
  <!--WHOLESALE-->
  <div class="hfmModal hfmNotification wholesale">
    <div id="wholesale_header" style=""><strong>Wholesale Product</strong></div>  
    <br>
    <div id="wholesale_message" style="">Our Wholesale range is only <strong>available for deliveries within 4 days of ordering</strong>. This includes the day you place your order. Please consider these constraints when placing your order.</div>  
    <br>
    <div>Don't Show Again <input type="checkbox" id="noshowwholesale" name="noshowwholesale">&nbsp; &nbsp; &nbsp; <a class="button notify-btn" id="wholesale-ok">OK</a></div>
    <br>
  </div>
  <div class="hfmModal hfmNotification wholesale-co">
    <h2 id="wholesale_header_co">Wholesale Alert!</h2>     
    <div id="wholesale_message_co" style="">The WHOLESALE range is only available for deliveries within 4 days of ordering. This includes the day you place your order.<br>Would you like to <strong>change date</strong> or <strong>proceed without wholesale</strong>?</div>  
    <br>
    <div><a class="button" id="wholesale-change-date">Change Date</a> <a class="button" id="wholesale-proceed-remove">Proceed</a></div>    
    <br>
  </div>

  <!-- Shopping List Notification -->
  <div id="lb-unavailable" class="hfmModal hfmNotification shopping" style="overflow: auto; display: none;">
	<a aria-hidden="true" class="hfmModalClose close glyph cross" style="display: inline;"></a>
    <h2>The following products are currently not available:</h2>
    <p class="pscroll"></p>
    <button style="background: #444444; border: none" class="hfmModalClose">Close</button>
  </div>

  <div id="lb-adding" class="hfmModal hfmNotification shopping" style="display: none">
    <div align="center">
      <img src="//cdn.shopify.com/s/files/1/0206/9470/t/232/assets/loader.gif?v=117258477243901512">
      <p>Please wait...</p>
    </div>
    <h2>Adding products to cart...</h2>
    <h3><span id="adding-items-to-cart-quantity"></span> items being added</h3>
    <p id="product-to-add-variant"></p>
  </div>

  <div id="lb-saving" class="hfmModal hfmNotification shopping" style="display: none"></div>

  <div id="lb-lists" class="hfmModal hfmNotification" style="display: none; width: 300px; max-height: 500px; overflow-y: scroll">
    <a aria-hidden="true" class="hfmModalClose close glyph cross" style="display: inline;"></a>    
    <div><h2>Shopping List</h2></div>
  </div>
  <!-- Shopping List Notification -->


<div class="hfmModal-mask"></div>







<script>    
$(document).ready(function(){
  
    
  $("#sub-main-menu").slideToggle(); 
  
  $("#barrow-shop-online").show();
  
  $("#collmenu_beef").click();
    
    
    

  
    
  // Automatically change the variant on the product page.
  //$("#variant-listbox-option-0").val(onlineStore).change();
  $("select").removeClass("hidden-field");  	
  $(".custom .dropdown").remove();
  
  

  
});  
</script>





  <script src="https://apis.google.com/js/platform.js?onload=renderBadge" async="" defer="" gapi_processed="true"></script>

<script>
  window.renderBadge = function() {
    var ratingBadgeContainer = document.createElement("div");
    document.body.appendChild(ratingBadgeContainer);
    window.gapi.load('ratingbadge', function() {
      window.gapi.ratingbadge.render(ratingBadgeContainer, {"merchant_id": 101356540, "position": "BOTTOM_LEFT"});
    });
  }
</script>

  <script>
  var urlParamsCashrewards = new URLSearchParams(window.location.search);    
  if (urlParamsCashrewards.get("transaction_id")){
  	$.cookie("cashrewards_transaction_id", urlParamsCashrewards.get("transaction_id"));
  }
</script>

  <!-- Start of Harry Berry Support script -->
  <script src="https://widget.flowxo.com/embed.js" data-fxo-widget="eyJ0aGVtZSI6IiMwMGIyY2MiLCJ3ZWIiOnsiYm90SWQiOiI1ZmM1NzViZTM4ZDBlMzAwNTkxOGMzMTUiLCJ0aGVtZSI6IiMwMGIyY2MiLCJsYWJlbCI6IkNoYXQgd2l0aCBIYXJyeSBCZXJyeSJ9fQ==" async="" defer=""></script>
  <!-- End of Harry Berry Support script -->

  <!-- Bing Ads Tracking -->
<script>(function(w,d,t,r,u){var f,n,i;w[u]=w[u]||[],f=function(){var o={ti:"17540320"};o.q=w[u],w[u]=new UET(o),w[u].push("pageLoad")},n=d.createElement(t),n.src=r,n.async=1,n.onload=n.onreadystatechange=function(){var s=this.readyState;s&&s!=="loaded"&&s!=="complete"||(f(),n.onload=n.onreadystatechange=null)},i=d.getElementsByTagName(t)[0],i.parentNode.insertBefore(n,i)})(window,document,"script","//bat.bing.com/bat.js","uetq");</script>
<!-- Bing Ads Tracking -->

<span class="algolia-autocomplete" style="position: absolute; z-index: 100; display: none; direction: ltr;"><span class="aa-dropdown-menu" style="display: block; left: 0px; right: auto;"><div class="
  aa-columns-container

   aa-with-articles 
  

   aa-with-collections 
  

   aa-with-footer 
  

  
   aa-without-powered-by 

   aa-with-products 
  
">
  <div class="aa-dataset-products aa-right-column"></div>

  <div class="aa-left-column">
    <div class="aa-collections">
      <div class="aa-collections-header">
        Recipes
      </div>
      <div class="aa-dataset-collections"></div>
    </div>

    <div class="aa-articles">
      <div class="aa-articles-header">
        Blog posts
      </div>
      <div class="aa-dataset-articles"></div>
    </div>

    <div class="aa-powered-by">
      <a class="aa-powered-by-logo" href="https://www.algolia.com/?utm_source=shopify&amp;utm_medium=link&amp;utm_campaign=autocomplete-harrisfarm"></a>
    </div>
  </div>
</div>
<div class="aa-empty"></div></span></span><span class="algolia-autocomplete" style="position: absolute; z-index: 100; display: none; direction: ltr;"><span class="aa-dropdown-menu" style="display: block; left: 0px; right: auto;"><div class="
  aa-columns-container

   aa-with-articles 
  

   aa-with-collections 
  

   aa-with-footer 
  

  
   aa-without-powered-by 

   aa-with-products 
  
">
  <div class="aa-dataset-products aa-right-column"></div>

  <div class="aa-left-column">
    <div class="aa-collections">
      <div class="aa-collections-header">
        Recipes
      </div>
      <div class="aa-dataset-collections"></div>
    </div>

    <div class="aa-articles">
      <div class="aa-articles-header">
        Blog posts
      </div>
      <div class="aa-dataset-articles"></div>
    </div>

    <div class="aa-powered-by">
      <a class="aa-powered-by-logo" href="https://www.algolia.com/?utm_source=shopify&amp;utm_medium=link&amp;utm_campaign=autocomplete-harrisfarm"></a>
    </div>
  </div>
</div>
<div class="aa-empty"></div></span></span><div style="width:0px; height:0px; display:none; visibility:hidden;" id="batBeacon515792578264"><img style="width:0px; height:0px; display:none; visibility:hidden;" id="batBeacon643630935357" width="0" height="0" alt="" src="https://bat.bing.com/action/0?ti=17540320&amp;Ver=2&amp;mid=6218d360-a62d-4dc7-b566-375ba2c3e5c4&amp;sid=d5b0e410b54f11eb89be9b74923562ae&amp;vid=d5b12330b54f11ebb308bdcf3e843afb&amp;vids=1&amp;pi=1200101525&amp;lg=en-US&amp;sw=1920&amp;sh=1080&amp;sc=24&amp;tl=Buy%20Beef%20online%20%7C%20Harris%20Farm%20Markets%20%7C%20Harris%20Farm%20Markets&amp;p=https%3A%2F%2Fwww.harrisfarm.com.au%2Fcollections%2Fbeef%3Fpage%3D1&amp;r=&amp;lt=3408&amp;evt=pageLoad&amp;msclkid=N&amp;sv=1&amp;rn=90647"></div><iframe id="fxo-widget-iframe" class="fxo-widget-iframe" scrolling="no" width="100" height="100" title="Chatbot" src="https://widget.flowxo.com/widget.html" allowfullscreen=""></iframe><div id="___ratingbadge_0" style="border: 1px solid rgb(245, 245, 245); z-index: 2147483647; position: fixed; left: 0px; bottom: 0px; box-shadow: rgb(162, 162, 162) 1px 1px 3px;"><iframe ng-non-bindable="" frameborder="0" hspace="0" marginheight="0" marginwidth="0" scrolling="no" style="position: absolute; top: -10000px; width: 450px; margin: 0px; border-style: none; display: block;" tabindex="0" vspace="0" width="100%" id="I0_1621064006909" name="I0_1621064006909" src="https://www.google.com/shopping/customerreviews/badge?usegapi=1&amp;merchant_id=101356540&amp;position=BOTTOM_LEFT&amp;origin=https%3A%2F%2Fwww.harrisfarm.com.au&amp;gsrc=3p&amp;jsh=m%3B%2F_%2Fscs%2Fapps-static%2F_%2Fjs%2Fk%3Doz.gapi.en_US.bSaSBnJo3mU.O%2Fam%3DAQ%2Fd%3D1%2Fct%3Dzgms%2Frs%3DAGLTcCOlScUDCc6laSimwcYo4nXUQAS-sQ%2Fm%3D__features__#_methods=onPlusOne%2C_ready%2C_close%2C_open%2C_resizeMe%2C_renderstart%2Concircled%2Cdrefresh%2Cerefresh&amp;id=I0_1621064006909&amp;_gfid=I0_1621064006909&amp;parent=https%3A%2F%2Fwww.harrisfarm.com.au&amp;pfname=&amp;rpctoken=41136897" data-gapiattached="true"></iframe></div><script src="https://www.googletagmanager.com/gtag/js?id=AW-984912244" async=""></script></body></html>